4326 5986
1867 284 1945 348 is
2080 334 2132 389 ·.

217 482 343 549 formam
370 483 485 561 6661611,
511 476 561 544 611
587 481 624 543 66
650 481 710 543 6116
737 479 910 561 splendore,
936 487 967 542 et
988 480 1109 559 [616166
1135 478 1245 554 (semel
1270 498 1297 541 6.
1329 477 1437 554 1095)
1464 485 1494 540 61
1516 479 1635 561 sulpure
1661 483 1833 562 promiscue
1859 484 1949 550 adbi-

216 583 320 647 buisse
345 581 491 645 dicendus
516 587 571 642 est.
610 578 674 642 Nec
699 581 795 663 magis
822 577 1011 641 Lachmanno
1034 577 1171 641 concedo
1197 577 1235 640 de
1261 576 1357 640 fornia
1381 576 1557 642 1166661661
1579 597 1607 642 6.
1631 578 1697 641 491
1728 584 1876 649 6616666.
1905 620 1945 631 -

143 731 145 740 .
218 680 358 746 ceterum
382 682 413 744 in
439 700 466 742 v.
492 677 530 743 Vl
560 677 626 744 165
652 679 732 742 1666
757 681 822 741 6616
848 695 886 739 66
910 679 953 739 611
978 678 1155 741 concinnius
1180 678 1220 738 116
1246 678 1357 758 rectius
1384 675 1440 750 (cl.
1465 696 1492 740 v.
1522 675 1607 755 170)
1632 679 1786 765 legemus:

634 777 699 840 Sed
723 780 872 840 tonitrum
893 776 932 853 fit
954 779 1001 838 uti
1022 785 1096 857 poet
1120 777 1252 838 6661166
1275 776 1481 856 accipiemus,

636 877 827 957 Fulqura
852 894 945 957 quum
970 884 1104 938 cernunt
1127 875 1222 950 oculi,
1247 876 1322 955 quie
1348 881 1405 937 etc.

215 977 266 1042 ubi
298 977 329 1040 in
362 975 446 1039 libris
479 983 526 1039 est
557 975 689 1057 1616666.
741 975 835 1039 Valde
863 976 942 1037 6616
966 975 1088 1053 661116,
1120 992 1190 1036 num
1215 973 1376 1036 infinitivus
1401 975 1442 1035 ita
1465 989 1520 1052 pro
1545 976 1717 1038 accusativo
1743 993 1814 1039 esse
1838 980 1945 1059 666611,

215 1081 266 1140 661
289 1076 371 1157 quod
395 1077 460 1157 ipse
474 1074 636 1156 166166.
650 1073 720 1136 229
746 1076 919 1156 praecepit:
950 1073 1155 1151 „infinitivum
1181 1072 1232 1135 ubi
1257 1090 1312 1154 pro
1337 1074 1510 1135 accusativo
1536 1074 1584 1150 611,
1611 1074 1699 1136 61166
1718 1074 1831 1139 habere
1854 1096 1948 1140 accu-

214 1177 341 1240 6611666
381 1175 439 1237 6111
481 1174 674 1237 adiunctum“
717 1174 941 1237 transitivorum
980 1172 1088 1235 finibus
1123 1172 1163 1233 sit
1194 1171 1405 1234 coercendum.
1464 1170 1510 1232 Ne
1541 1174 1608 1253 quis
1642 1179 1741 1237 autem
1773 1177 1825 1238 vix
1856 1194 1950 1259 posse

214 1275 302 1338 aliter
326 1274 386 1336 dici
411 1272 621 1355 impersonalia
646 1281 776 1346 moneat,
803 1274 914 1353 optimc
938 1274 1035 1351 potuit
1058 1271 1127 1335 addi
1144 1288 1244 1333 accus.
1263 1269 1392 1333 subiecti
1405 1268 1488 1332 velut
1502 1279 1710 1352 tempestatem
1735 1272 1950 1353 (616174).

382 1371 417 1434 Vs
444 1371 525 1437 815.
575 1370 704 1434 Nonium
735 1390 796 1435 non
831 1371 952 1433 obstare
985 1378 1057 1452 6616
1066 1417 1076 1457 ,γ
1108 1374 1267 1453 quominus
1302 1388 1368 1432 cum
1393 1368 1477 1431 libris
1503 1370 1641 1433 omnibus
1667 1373 1773 1434 colore
1797 1381 1945 1453 tueamur,

214 1470 295 1553 quod
319 1471 481 1554 singularis
506 1487 648 1533 numerus
674 1479 705 1533 et
730 1473 827 1552 aptior
852 1470 970 1532 videtur
991 1478 1021 1532 et
1045 1470 1082 1531 ab
1107 1470 1191 1532 initio
1217 1469 1304 1532 buius
1330 1472 1498 1552 argumenti
1523 1488 1550 1531 v.
1578 1467 1646 1531 737
1674 1472 1790 1551 positus
1815 1481 1870 1536 est

384 1569 419 1632 V.
446 1566 529 1634 817.
579 1569 673 1631 Recte
705 1568 851 1632 Christius
885 1589 913 1651 p.
944 1566 984 1633 17
1021 1571 1152 1645 666611,
1189 1567 1259 1631 1616
1292 1575 1469 1650 argumento
1502 1570 1650 1648 quoniam
1683 1571 1857 1652 particulam
1884 1590 1946 1636 non

215 1671 381 1732 convenire
393 1690 402 1745 ;
429 1669 567 1731 sednon
593 1668 689 1750 magis
715 1669 822 1750 placet,
850 1687 938 1750 quam
964 1669 1029 1749 ipse
1055 1669 1152 1731 attulit
1175 1667 1322 1730 medelam
1348 1666 1563 1729 coniectando:
1822 1658 1826 1666 ’

608 1767 777 1831 Praetereo
802 1787 961 1850 queque
986 1769 999 1828 i
1008 1786 1067 1829 am
1091 1770 1134 1829 ni
1159 1769 1256 1829 certis
1281 1775 1369 1828 certo
1392 1767 1504 1847 fipuris
1528 1763 1652 1840 etc.²¹)

385 1863 541 1947 Equidem,
567 1881 627 1929 666
651 1866 780 1930 litterula
797 1869 968 1944 16661616,
994 1869 1161 1930 6661661166
1186 1866 1263 1928 1666
1288 1864 1526 1929 deberi-iudico:

620 1965 803 2029 Ι1166616666
827 1985 941 2047 quom
966 1968 1048 2028 iam
1072 1985 1136 2028 non
1162 1967 1258 2028 certis
1282 1972 1370 2026 certe
1392 1965 1505 2046 piperis

634 2073 682 2125 eet
705 2074 823 2127 nutura
850 2066 979 2142 eoloris,
1006 2067 1165 2127 6166616
1187 2065 1420 2145 principiorum
1461 2113 1472 2138 ,

629 2163 843 2242 [momentu
867 2174 984 2244 queunt
1008 2166 1042 2226 in
1067 2167 1179 2245 666616
1203 2182 1270 2226 esee
1296 2163 1409 2239 nitore,
1435 2168 1492 2224 616.

212 2280 304 2346 mom
328 2261 407 2327 idem
432 2260 498 2324 lere
523 2268 612 2324 sonat
636 2269 726 2344 atque
750 2265 797 2339 ei,
822 2271 855 2325 ut
880 2261 957 2325 inira
982 2281 1011 2324 6.
1042 2262 1132 2327 1067
1160 2270 1192 2325 61
1217 2261 1248 2324 8.
1282 2259 1293 2322 l
1321 2259 1402 2321 566.
1428 2259 1453 2321 V
1482 2259 1596 2340 1061,
1626 2260 1737 2339 1066;
1771 2265 1949 2345 saepissime

183 2399 188 2408 ·
212 2369 311 2426 autem
336 2363 366 2422 ei
389 2363 454 2424 iem
478 2361 630 2443 particulis
655 2363 714 2424 boc
740 2379 832 2424 sensu
859 2364 967 2437 utitur,
1003 2380 1063 2442 quo
1089 2360 1166 2424 intra
1192 2381 1219 2422 6.
1246 2358 1317 2422 974
1338 2360 1511 2440 principiis
1534 2362 1564 2423 ei
1589 2361 1653 2423 ium
1676 2369 1725 2432 est
1746 2381 1858 2425 sentus
1880 2365 1944 2426 tri-

211 2461 351 2525 buendus
374 2461 437 2523 'ce
471 2478 690 2543 angenommen
724 2458 1129 2537 61666616611396,
1164 2456 1421 2535 968111679,
1460 2456 1541 2520 843.
1567 2458 1592 2520 V
1623 2458 1688 2524 195
1716 2468 1774 2523 etc.
1826 2460 1945 2526 Plenius

210 2559 344 2642 loquitur
370 2558 610 2635 1115400616
636 2562 731 2623 etiem
756 2562 786 2620 ei
810 2562 875 2622 iem
901 2561 999 2623 116661
1023 2560 1193 2622 concedere
1216 2558 1345 2639 fulsum.

372 2658 499 2721 Prorsus
524 2658 633 2721 eodem
657 2659 748 2722 medo
773 2667 929 2740 peccatum
954 2675 1024 2721 6666
1049 2676 1226 2739 persuasum
1251 2658 1348 2720 babeo
1376 2654 1387 2715 l
1414 2655 1493 2720 581.
1533 2654 1608 2719 Nam
1632 2660 1773 2739 quoniam
1799 2659 1942 2724 Lucretio

214 2762 297 2820 certe
318 2758 432 2838 [666111
456 2764 574 2819 nemra
596 2759 744 2836 praedite
769 2776 836 2819 esse
858 2759 1036 2840 primordie
1060 2776 1121 2820 non
1145 2756 1254 2838 placet,
1279 2774 1341 2820 non
1365 2757 1477 2818 causali
1502 2756 1557 2818 sed
1578 2755 1773 2822 conditionali
1793 2760 1945 2822 coniunc-.

213 2858 296 2918 tione
322 2874 398 2938 opus
423 2863 479 2934 est,
505 2858 768 2937 praesertimque
795 2858 884 2919 ctiam
911 2877 938 2919 v.
966 2856 1034 2919 577
1063 2858 1278 2932 6666611616
1304 2855 1444 2937 quidemr

613 2963 791 3034 616666
815 2957 895 3017 iam
917 2957 1031 3037 [666111
1055 2966 1174 3018 nature
1196 2956 1344 3034 praedite
1371 2961 1526 3029 constent,

610 3054 771 3134 discrepat
795 3045 956 3115 detersum
983 3064 1101 3134 tempus
1123 3055 1264 3134 potuisse
1289 3072 1415 3114 munere
1441 3060 1498 3114 ete.

373 3150 479 3232 Neque
512 3151 599 3213 aliter
623 3153 763 3233 equidem
789 3169 902 3214 censeo
931 3152 969 3214 66
993 3172 1021 3214 6.
1047 3151 1081 3214 111
1110 3150 1200 3228 531,
1231 3153 1282 3232 qui
1308 3168 1414 3213 versus
1442 3168 1508 3212 cum
1534 3152 1672 3231 proximo
1696 3154 1875 3236 insequente
1900 3157 1946 3218 616

214 3251 245 3313 16
266 3250 350 3313 libris
376 3257 489 3313 exstat:
1078 3303 1080 3306 ,

610 3350 767 3411 scinditur
791 3358 884 3430 utque
909 3351 1016 3411 enimc
1040 3350 1117 3413 lteec
1143 3351 1291 3430 quonium
1318 3357 1437 3411 nutura
1460 3369 1518 3411 nec
1542 3369 1606 3413 une

613 3455 749 3528 tempore
772 3450 899 3510 sineere
923 3451 1041 3527 6666111,
1066 3448 1211 3510 mortalis
1234 3447 1415 3511 bobendust.

375 3546 442 3620 066
474 3547 543 3610 1666
568 3547 687 3609 Lacbm.
714 3565 781 3610 cum
812 3547 851 3609 66
883 3556 975 3628 61666
1009 3547 1154 3628 porticula
1189 3548 1312 3609 traiectu
1345 3549 1471 3629 cogitari
1496 3565 1557 3611 666
1583 3551 1710 3629 661661,
1746 3554 1837 3616 scribi
1862 3556 1949 3617 iussit

212 3646 370 3709 scinditur
394 3665 490 3728 usque
518 3649 596 3709 adeo
621 3648 769 3726 quonium
794 3654 850 3708 etc.
886 3644 946 3708 Sed
972 3663 1065 3729 aegre
1090 3648 1197 3725 patior,
1224 3646 1306 3727 quod
1330 3647 1412 3709 nullo
1438 3648 1588 3711 6661166166
1607 3651 1727 3714 6166616
1753 3654 1785 3715 16
1807 3653 1854 3715 116
1874 3672 1949 3716 usus

214 3745 270 3821 sit,
303 3763 381 3826 quae
407 3747 574 3808 arctissime
600 3764 666 3808 cum
693 3745 899 3825 superioribus
926 3745 1109 3808 cohaereant
1134 3744 1192 3807 boc
1219 3745 1324 3808 modo:
1362 3745 1568 3822 „membratim
1592 3750 1713 3813 vitalem
1738 3768 1862 3814 sensum
1887 3753 1947 3815 de-

119 3898 125 3912 ,
213 3842 343 3925 perdere
369 3844 506 3908 videmus
531 3844 694 3930 bominem,
719 3845 845 3924 primum
869 3845 979 3924 pedum
1006 3845 1118 3928 digitos
1141 3844 1306 3922 livescere,
1331 3844 1440 3906 deinde
1467 3846 1549 3924 ipsos
1573 3847 1668 3928 pedes
1693 3857 1725 3911 61
1748 3869 1838 3913 crura
1862 3854 1948 3931 mori,

215 3942 346 4025 denique
377 3943 453 4005 ulios
480 3951 570 4005 artus.
621 3942 1189 4020 616116611666166116666166,
1224 3944 1356 4006 mortalis
1382 3943 1622 4008 1616666661.1
1677 3946 1742 4011 lloc
1768 3949 1948 4030 1666666-

214 4043 345 4123 spiciens
370 4041 530 4105 Lambinus
561 4042 718 4103 scinditur
743 4042 831 4120 etqui
856 4043 981 4103 enimus
1007 4045 1155 4122 quonium
1180 4052 1297 4106 nature
1321 4050 1378 4105 etc.
1405 4042 1477 4106 lecit
1503 4045 1600 4107 616616
1626 4046 1703 4108 boec
1729 4065 1823 4124 6666,
1860 4067 1948 4129 quem

213 4140 397 4204 Pomanuus
422 4159 544 4223 quoque
571 4141 717 4204 eliminari
743 4139 843 4202 voluit.
882 4138 1064 4222 Beruaysius
1090 4149 1199 4219 autem,
1227 4145 1277 4222 qui
1303 4162 1399 4222 aeque
1425 4143 1551 4206 enimse
1575 4145 1654 4207 buee
1679 4146 1781 4226 edidit,
1808 4147 1948 4228 quidne·

214 4247 335 4322 praeter
360 4240 454 4321 ipsam
478 4242 605 4304 661666
631 4240 727 4301 661661
753 4247 846 4319 66161,
872 4257 933 4301 666
950 4239 1091 4321 dispicio.
1141 4240 1288 4322 Equidem
1313 4244 1404 4323 igitur
1428 4244 1473 4305 616
1500 4261 1654 4325 propono:

508 4341 665 4402 scinditur
689 4347 731 4400 ut
755 4356 870 4418 quom
895 4340 975 4401 ium
998 4341 1076 4402 llaec
1104 4341 1252 4402 enimus
1278 4349 1396 4404 notura
1419 4360 1476 4402 666
1501 4361 1564 4404 unc
1593 4350 1667 4416 ete..

386 4437 460 4501 Nam
494 4439 606 4502 causali
640 4439 851 4500 coniunctione
886 4440 927 4500 611
960 4457 1020 4500 666
1045 4438 1156 4500 licebat
1179 4438 1317 4501 addituro
1342 4457 1388 4498 66.
1416 4437 1484 4501 533
1513 4457 1579 4521 seq.
1606 4442 1717 4522 quodsi
1740 4442 1824 4519 forte
1846 4449 1943 4521 putus

215 4543 272 4598 etc.
297 4545 333 4599 61
354 4539 528 4618 particulam
553 4537 691 4601 similiter
717 4538 851 4614 traiecit,
877 4544 910 4600 61
933 4540 1018 4617 primi
1044 4538 1130 4602 uerbi
1157 4541 1215 4604 vim
1242 4543 1385 4620 augeret,
1411 4537 1482 4599 llor.
1508 4538 1604 4602 Serm.
1629 4538 1657 4618 l,
1684 4540 1716 4617 2,
1743 4538 1799 4602 47.
1826 4537 1858 4618 8,
1886 4537 1943 4601 37.

215 4643 246 4698 61
271 4635 401 4699 fortasse
426 4638 490 4717 ipse
517 4637 604 4701 lucr.
630 4634 708 4699 inira
734 4637 764 4697 in
789 4654 816 4695 6.
849 4633 949 4698 1070.

375 4735 409 4797 V.
435 4734 516 4797 829.
567 4737 651 4799 11666
676 4751 795 4797 versum
822 4751 889 4795 cum
912 4737 1057 4814 proximis
1083 4735 1201 4798 boehm.
1227 4738 1270 4798 616
1295 4735 1426 4800 evadere
1453 4738 1557 4799 iussit:

616 4834 655 4897 Ut
675 4835 712 4912 fit
735 4832 789 4895 ubi
814 4834 848 4894 16
870 4851 992 4912 pareus
1014 4837 1120 4915 pertis
1145 4837 1334 4915 discerpitur
1359 4855 1491 4900 auree

608 4951 761 5013 purpura,
786 4933 1017 5014 poeniceusque
1043 4935 1133 4995 color
1157 4934 1346 4996 clarissima’
1370 4937 1477 5012 multe,

608 5032 721 5107 616116
745 5050 814 5093 cum
839 5032 1013 5093 1116166616
1038 5042 1117 5110 est,
1142 5033 1331 5113 disperqitur
1357 5036 1466 5094 omnis.

216 5182 332 5210 4—-

249 5282 297 5347 21)
314 5279 352 5332 uc
368 5293 443 5332 rursu
460 5278 471 5329 l
489 5272 556 5331 loed
573 5285 655 5331 66166
672 5295 729 5332 mea
746 5280 845 5348 quidem
864 5279 986 5331 6661661116
1004 5296 1053 5332 666
1070 5279 1178 5331 debebat
1195 5276 1316 5330 Clusinius
1329 5279 1474 5330 Lambiuum
1492 5281 1573 5350 sequi,
1589 5282 1633 5352 qui
1650 5282 1758 5334 nondum
1775 5279 1943 5343 intellexerat,

411 5377 476 5433 quus
501 5378 547 5414 666
565 5363 714 5416 1661666661
737 5363 846 5415 6666161
868 5363 1004 5427 debemus,
1029 5370 1083 5432 poet
1104 5380 1128 5414 6.
1146 5355 1214 5413 1093
1235 5370 1292 5415 octo
1315 5378 1435 5416 vemuuau
1450 5362 1565 5418 1666666
1583 5380 1650 5417 esee.
1684 5364 1722 5417 lla
1739 5379 1789 5433 quo
1805 5362 1879 5414 nodo
1896 5377 1946 5415 ex-

412 5446 503 5516 pleude
520 5447 561 5512 611,
578 5446 653 5499 66661
669 5448 697 5500 16
713 5447 812 5498 dissert
828 5461 887 5500 mea
903 5465 926 5517 p.
944 5444 969 5499 t.
1550 5522 1570 5586 3
