4304 5986
374 509 406 572 ln
432 508 569 572 eiusdem
594 508 662 572 libri
687 527 716 571 v.
742 507 812 570 286
840 507 961 570 codices
987 507 1063 568 haec
1088 507 1215 568 habent:

721 656 726 664 .
1187 606 1328 685 displosa
1349 613 1474 685 reperte

650 706 825 787 opprimere
849 714 885 766 ut
908 705 991 767 caeli
1015 706 1183 767 uideantur
1209 704 1323 784 templa
1347 723 1490 784 superne,

206 809 255 872 ubi
289 808 463 889 opprimere
495 807 618 868 verbum
652 806 838 867 intransitive
871 803 981 866 dictum
1015 821 1084 866 esse
1116 802 1258 864 Lambino
1290 801 1368 865 haud
1401 804 1497 885 magis
1529 802 1712 881 credideris,
1748 823 1835 885 quam
1870 823 1937 868 cum

203 906 392 969 Lachmanno
418 907 593 985 reprimere
620 905 772 986 corrigas,
799 903 879 984 quod
905 921 992 984 quam
1018 905 1195 965 sententiam
1221 900 1332 963 efficiat
1355 920 1416 964 non
1443 900 1587 984 intelligo.
1631 901 1715 965 llaud
1739 904 1816 965 male
1842 905 1934 986 igitur

205 1006 385 1086 Bernaysius
418 1003 498 1066 dedit
533 1003 748 1077 occidere,
783 1000 837 1063 sed
863 1002 899 1062 ab
926 1003 1100 1081 opprimere
1125 1001 1219 1063 verbo
1244 993 1366 1082 prbpius
1392 1001 1481 1062 distat
1506 1001 1691 1063 obruere
1717 1002 1734 1062 i.
1761 1020 1778 1063 e
1805 1021 1935 1083 superne

205 1122 358 1167 corruere.
412 1101 456 1164 Cl.
481 1101 518 1163 lll
542 1100 631 1162 775:
658 1110 689 1162 et
714 1103 822 1163 doinus
848 1103 964 1161 aetatis
989 1102 1093 1180 spatio
1118 1119 1157 1163 ue
1180 1100 1268 1179 sessa
1291 1109 1413 1162 uetusto
1438 1098 1608 1161 obruat.

376 1202 491 1265 Versus
517 1198 686 1263 368-70
713 1200 787 1262 tales
813 1201 843 1262 in
868 1199 953 1261 libris
978 1198 1135 1282 leguntur:

601 1298 706 1361 Prima
730 1299 851 1360 caloris
876 1299 957 1360 euim
979 1317 1058 1379 pars
1083 1307 1130 1360 est
1151 1307 1311 1379 postremo
1335 1298 1462 1378 riqoris,

601 1408 720 1478 tempus
745 1398 780 1458 id
803 1407 851 1458 ert
874 1416 1028 1471 uernum;
1053 1415 1151 1477 quare
1171 1414 1314 1478 puqnore
1340 1405 1497 1458 necessest

599 1499 764 1559 dissimilis
787 1498 870 1558 iuter
891 1514 928 1558 se
951 1496 1138 1577 turbareque
1163 1497 1288 1558 mistos.
1376 1486 1379 1496 ’

207 1673 208 1676 ¹
369 1597 488 1660 Lucium.
515 1605 633 1678 tempus
656 1605 700 1659 ut
724 1606 771 1658 est
794 1614 933 1671 uernum,
958 1594 1068 1659 deinde
1094 1597 1176 1658 iuter
1200 1613 1242 1656 se
1267 1612 1336 1656 res
1360 1593 1440 1657 lecit.
1479 1593 1553 1672 lloc,
1578 1597 1646 1677 quia
1672 1612 1733 1658 nan
1758 1614 1812 1658 res
1836 1613 1937 1677 quae·

204 1696 278 1759 libet
303 1698 381 1759 inter
403 1714 438 1758 sc
464 1713 598 1779 pugnare
624 1694 780 1773 dicuntur,
813 1693 868 1756 sed
895 1695 1004 1756 caloris
1029 1695 1201 1777 rigorisque
1223 1702 1333 1775 partes
1357 1693 1444 1770 illae,
1472 1695 1657 1775 probandum
1682 1710 1743 1758 nun
1768 1700 1834 1771 est,
1863 1695 1935 1758 illud

204 1801 304 1878 potest
327 1796 457 1876 probari,
484 1793 573 1857 modo
599 1812 637 1856 ne
663 1812 701 1857 eo
727 1810 820 1856 sensu
846 1811 934 1874 quem
960 1792 1078 1855 Lachm.
1099 1793 1194 1855 voluit
1218 1794 1277 1871 („i.
1304 1810 1322 1854 c
1347 1791 1435 1871 quale
1460 1811 1584 1855 vernum
1610 1801 1728 1875 tempus
1753 1796 1850 1871 est“),
1878 1793 1933 1857 sed

205 1895 264 1956 huc
287 1896 404 1975 patius:
429 1893 503 1955 ubi
526 1911 651 1955 vernum
675 1901 793 1974 tempus
818 1899 874 1954 est.
907 1891 939 1955 ld
964 1893 1059 1973 ipsum
1082 1899 1181 1954 tumen
1206 1890 1436 1973 praeferendum
1461 1900 1542 1972 puto.
1583 1892 1656 1954 Tum
1682 1894 1708 1954 si
1733 1895 1815 1956 iuter
1841 1911 1935 1954 sese

204 1991 382 2069 fecerimus,
409 1994 507 2055 omnia
533 1994 593 2054 iam
616 1995 733 2076 integra
760 1998 856 2054 crunt.
906 1990 1088 2071 Bernaysius
1113 1991 1189 2054 haec
1215 1990 1331 2052 ellecit:
1359 2008 1433 2071 quo
1458 2009 1530 2052 res
1551 2010 1693 2073 puquare
1718 2011 1748 2053 u.
1779 2028 1819 2038 -
1848 1994 1932 2053 iuter

203 2109 311 2169 sese,
336 2091 446 2154 deinde
470 2092 566 2174 primu
592 2095 693 2154 versui
718 2092 844 2154 inseruit
868 2092 897 2152 si
922 2091 1164 2152 coniunctionem
1189 2092 1234 2153 sic
1259 2088 1380 2170 quidem
1402 2107 1481 2170 pars
1507 2091 1542 2151 si
1567 2099 1622 2166 est,
1649 2091 1764 2153 scilicet
1789 2109 1848 2172 quo
1876 2109 1933 2152 ac-

204 2192 335 2253 curatius
368 2192 426 2252 ianr
459 2190 679 2270 responderent
711 2190 787 2252 haec
823 2191 868 2251 eis
894 2207 971 2270 quae
997 2191 1185 2252 insecuntur:
1226 2197 1257 2250 et
1279 2189 1370 2251 calor
1394 2198 1551 2251 extremus
1573 2190 1675 2270 primo
1701 2209 1788 2252 cum
1813 2189 1934 2271 friqore

202 2289 322 2352 erictus
347 2289 489 2351 Volvitur
512 2295 570 2350 etc.
620 2289 661 2350 At
685 2306 760 2351 vero
786 2289 902 2370 reliqua
928 2295 1114 2350 tamennon
1140 2287 1334 2370 respondent.

375 2387 478 2450 Paullo
502 2386 581 2450 inira
605 2406 684 2469 quae
710 2388 789 2450 bunc
815 2389 846 2449 in
872 2387 991 2449 modum
1018 2387 1134 2450 detorta
1159 2388 1322 2471 leguntur:
1434 2444 1438 2451 .

514 2485 619 2564 (550)
644 2507 702 2548 mec
728 2489 831 2548 minus
856 2487 1000 2548 ccultant
1025 2505 1067 2547 es
1090 2487 1245 2567 dupuis
1269 2505 1439 2566 cumque
1466 2487 1543 2546 aim

643 2585 785 2665 serratos
807 2587 963 2666 utrimque
990 2591 1131 2648 rotarum
1156 2587 1294 2647 succutit
1318 2584 1411 2646 orbes

204 2701 241 2745 ea
267 2683 385 2745 Lachm.
410 2679 579 2745 restituisse
611 2684 668 2746 sibi
692 2686 775 2746 visus
801 2691 849 2746 est
872 2683 1033 2746 scribendo
1060 2684 1168 2745 stubi
1194 2685 1270 2765 lapi'
1294 2701 1423 2764 cumque
1448 2684 1525 2745 uiui.
1577 2682 1636 2744 Sed
1662 2689 1692 2744 ct
1718 2682 1792 2745 dura
1817 2683 1935 2746 videtur

203 2781 280 2844 haec
302 2782 485 2859 emendatio,
511 2790 542 2843 ct
566 2800 677 2845 vereor
700 2790 733 2845 ut
757 2782 862 2845 similis
887 2790 1055 2845 structurae
1082 2784 1250 2864 exemplum
1275 2790 1383 2845 exstet,
1419 2781 1492 2845 liam
1515 2781 1601 2844 valde
1621 2781 1721 2844 dillert
1735 2782 1816 2863 quod
1833 2784 1935 2863 specie

204 2883 342 2963 proxima
376 2881 494 2944 accedit
526 2879 563 2941 lll
601 2879 693 2943 ¹093
734 2900 811 2961 ,nec
835 2884 932 2944 minus
957 2881 1007 2944 diu
1034 2884 1090 2944 iam
1115 2901 1176 2944 non
1202 2884 1260 2944 erit
1284 2882 1335 2944 ille
1360 2883 1411 2963 qui
1437 2881 1585 2944 hodierno
1609 2880 1720 2943 lumine
1745 2883 1824 2942 vilae
1846 2880 1934 2943 linem

204 2978 278 3042 fecit
302 2987 341 3042 et
363 2979 417 3042 ille
444 2982 494 3061 qui
520 2979 619 3042 multis
645 2983 731 3042 annis
758 2988 828 3043 ante
853 2981 992 3044 occidit.“
1047 2980 1201 3043 Eiusmodi
1226 2983 1304 3042 enim
1331 2982 1514 3062 comparatio
1539 2979 1588 3041 hic
1613 2997 1673 3042 non
1700 2987 1755 3041 cst.
1789 2977 1937 3063 Berglrius

207 3086 307 3141 autem
331 3078 449 3160 qualem
474 3081 504 3140 in
528 3080 683 3160 utrimque
708 3079 851 3141 adverbio
878 3079 1077 3141 offensionem
1103 3082 1205 3142 inesse
1231 3080 1370 3156 senserit,
1396 3096 1456 3141 non
1482 3079 1641 3158 perspicio.
1678 3077 1823 3140 conteras
1846 3079 1934 3139 velim

204 3194 233 3237 u.
260 3175 330 3239 835
357 3186 387 3239 et
410 3196 561 3240 conamen
586 3178 799 3259 utrimque
825 3178 950 3240 olorum
971 3179 1119 3259 proditur
1144 3196 1241 3240 omne.
1280 3176 1386 3258 Neque
1410 3177 1540 3258 probare
1566 3193 1688 3258 possum
1704 3194 1782 3256 quac
1797 3175 1937 3257 illapra-

205 3278 306 3357 posuit
338 3276 395 3337 sibi
426 3278 482 3357 ipsi
514 3295 576 3340 non
609 3276 697 3357 plane
723 3276 927 3339 satisfaciens:
968 3288 1045 3356 ,nec
1071 3279 1167 3339 minus
1193 3277 1327 3340 exultant
1350 3277 1458 3357 rupis,
1490 3275 1675 3356 ubicumque
1701 3277 1769 3337 uiui
1793 3274 1934 3337 Ferratus

206 3376 324 3455 euripo
346 3380 403 3436 rot.
428 3378 507 3438 etc.“
561 3375 707 3439 Christius
740 3377 832 3459 igitur
855 3394 883 3438 v.
910 3375 980 3437 548
1013 3376 1174 3458 plaustris,
1209 3376 1289 3439 unde
1312 3376 1442 3457 plaustri
1467 3374 1586 3436 Lachm.
1613 3374 1732 3451 effecit,
1766 3378 1881 3436 semaei
1905 3379 1936 3435 et

204 3472 296 3534 verba
321 3491 433 3553 maqmo
456 3475 595 3554 pondere
620 3478 815 3556 appositionis
838 3477 905 3537 vice
931 3474 1015 3558 fungi
1037 3475 1132 3537 voluit
1157 3494 1193 3537 ac
1216 3493 1337 3538 versum
1363 3473 1472 3537 deinde
1499 3473 1569 3534 550
1595 3474 1640 3535 sic
1667 3475 1836 3537 constituit:

572 3591 631 3634 uec
655 3575 759 3636 minus
784 3575 929 3636 ccultant
951 3574 1090 3661 sedes,
1116 3574 1367 3655 ubicumque
1393 3573 1486 3635 cici
1513 3577 1570 3634 etc.

203 3670 222 3730 i.
248 3687 275 3731 e.
302 3676 332 3731 et
358 3676 435 3731 tecta
460 3673 684 3751 propterviam
711 3674 945 3736 contremiscunt
970 3680 1001 3734 et
1022 3679 1098 3748 (uec
1122 3674 1243 3749 mimus)
1268 3672 1374 3735 sedilia
1400 3671 1605 3733 vehiculorum
1626 3672 1691 3751 ipsa
1713 3670 1855 3748 exultant,
1885 3670 1933 3748 ,si

204 3769 254 3849 qui
280 3768 366 3830 locus
391 3770 471 3829 viai“
509 3772 544 3844 (i.
569 3787 587 3830 e
611 3771 796 3852 ubicumque
820 3773 924 3847 uiuit)
959 3772 1049 3834 orbes
1075 3779 1207 3833 rotarum
1233 3773 1369 3834 succutit.
1421 3770 1480 3833 Sed
1505 3788 1605 3851 neque
1630 3769 1722 3831 verba
1749 3789 1805 3831 mec
1832 3771 1934 3830 minus

204 3866 243 3928 dc
268 3867 383 3930 duabus
408 3868 510 3946 rebus,
537 3887 614 3949 quae
640 3887 737 3951 acque
762 3871 902 3952 plaustris
927 3873 1143 3947 concutiantur,
1169 3871 1219 3932 hic
1244 3872 1293 3953 agi
1319 3871 1493 3932 necessaria
1520 3868 1659 3947 indicant,
1687 3876 1717 3929 et
1733 3886 1807 3937 veru
1828 3870 1930 3949 gravis

204 3983 292 4028 error
314 3974 370 4045 est,
396 3967 476 4048 quod
501 3967 686 4048 ubicumque
710 3972 779 4031 uiui
803 3988 857 4050 pru
882 3969 1019 4031 subiecto
1043 3987 1111 4032 esse
1138 3970 1276 4051 idemque
1302 3969 1404 4031 valere
1428 3986 1521 4049 passe
1541 3975 1672 4031 autumat
1687 3974 1777 4047 atque
1808 3968 1856 4044 ,si
1879 3967 1933 4046 qui

204 4065 293 4126 locam
316 4066 414 4128 oiai.“
467 4065 573 4128 Parum
598 4074 686 4127 ceute
711 4085 767 4130 nos
792 4067 909 4150 relegat
934 4067 971 4128 ad
996 4087 1024 4130 v.
1049 4068 1075 4131 V
1103 4066 1172 4130 739
1199 4069 1296 4130 Flora
1321 4068 1433 4149 quibus
1459 4076 1558 4129 mater
1580 4084 1812 4147 proespurqens
1837 4074 1936 4126 aute

202 4164 295 4225 oiai
320 4161 440 4226 Cuncta
462 4165 624 4227 coloribus
648 4169 783 4247 eqreqiis
807 4174 837 4228 et
861 4167 1012 4228 odoribus
1036 4169 1149 4247 opplet.
1199 4167 1272 4229 Nam
1300 4175 1372 4229 aute
1398 4167 1466 4228 uiai
1491 4166 1540 4228 hic
1565 4183 1626 4228 non
1657 4166 1756 4242 ,idem
1783 4163 1935 4244 estquod

203 4263 368 4323 anteriora
402 4265 470 4324 oiai
503 4263 595 4326 loca“
624 4264 679 4327 scd
706 4264 838 4327 adverbii
864 4265 933 4328 loco
958 4267 1087 4346 positum
1113 4283 1210 4347 aeque
1235 4286 1271 4328 ac
1295 4267 1368 4328 iude
1393 4266 1457 4327 loci
1482 4264 1507 4326 V
1534 4262 1614 4325 74¹.
1643 4262 1708 4325 791
1739 4265 1794 4325 ubi
1820 4263 1883 4323 loci
1908 4260 1934 4324 V

206 4357 288 4438 807,
315 4361 464 4424 obiectum
486 4379 560 4424 vero
580 4369 627 4424 cst
646 4372 770 4425 cremata.
802 4363 904 4445 ltaque
919 4383 986 4426 cum
1000 4366 1195 4444 repentinum
1211 4383 1396 4427 concussum
1410 4371 1441 4426 et
1453 4365 1516 4426 late
1532 4364 1753 4443 discerpentem
1772 4373 1933 4423 tremorem

202 4458 432 4542 distinguendos
467 4478 536 4522 esse
570 4465 726 4543 superiora
761 4462 905 4542 doceant,
940 4464 1079 4544 equidem
1112 4463 1167 4525 hos
1200 4481 1308 4526 versus
1332 4462 1411 4525 lraud
1437 4464 1502 4524 scio
1528 4480 1565 4523 an
1592 4468 1621 4524 et
1647 4461 1745 4523 lenius
1769 4467 1800 4522 et
1826 4459 1932 4521 melius

204 4558 427 4620 emendaverim
452 4559 531 4621 hunc
556 4561 586 4621 in
611 4561 750 4623 modum:

596 4669 628 4721 et
650 4661 771 4735 merito,
798 4661 945 4740 quoniam
968 4660 1131 4741 plaustri
1156 4677 1310 4722 concussa
1335 4669 1523 4724 tremescunt

596 4766 686 4834 tecto,
711 4760 797 4819 oium
821 4766 959 4838 propter,
982 4779 1044 4820 nou
1066 4778 1179 4839 uroque
1202 4759 1340 4838 pondere
1365 4765 1439 4835 teta,

594 4877 652 4919 meo
677 4860 780 4918 miuus
804 4858 956 4933 exultant,
981 4861 1018 4918 si
1043 4860 1193 4938 quouis
1219 4876 1389 4939 eumque
1413 4860 1505 4920 oiai

593 4954 735 5034 semotos
759 4958 912 5035 utrimque
937 4967 1078 5017 rotarum
1103 4958 1239 5018 meruti!
1259 4957 1351 5018 orbes
1376 4965 1432 5019 etc.

370 5053 505 5114 Alterum
550 5053 636 5131 ,late
668 5056 873 5136 disserpuntcs
905 5057 1080 5117 tremores“
1122 5055 1248 5117 alterum
1293 5103 1309 5134 „
1323 5074 1448 5139 maqnus
1479 5063 1604 5137 repente
1641 5058 1837 5119 concussus“
1876 5061 1931 5117 est.

201 5149 367 5213 Plaustrum
399 5157 497 5213 autem
529 5152 623 5234 ipsum
659 5161 790 5217 rotarum
825 5154 915 5217 orbes
945 5161 1105 5215 succutere
1138 5154 1238 5216 licebit
1272 5154 1393 5229 dicere;
1430 5173 1487 5216 uec
1512 5157 1615 5217 miuus
1639 5155 1732 5218 rerba
1760 5155 1838 5217 idem
1864 5152 1930 5215 fere

181 5256 312 5314 *sonent
338 5249 419 5331 quod
445 5259 537 5331 atque
563 5252 650 5314 adeo.
1701 5240 1704 5248 ¹

361 5348 489 5410 Versum
515 5350 623 5412 abhinc
648 5351 795 5412 decimum
822 5358 958 5431 quartum
985 5351 1106 5412 radices
1134 5350 1212 5412 hunc
1239 5350 1398 5431 praebent:

668 5450 825 5512 inclinato
849 5451 966 5512 mineat
990 5451 1024 5511 iu
1049 5450 1156 5513 eadem
1177 5450 1307 5530 prodita
1329 5458 1452 5531 partem
1510 5447 1511 5451 ’
