4326 5986
223 293 271 359 90

217 490 396 576 primordio
431 488 553 552 solidae
586 487 803 567 sinplicitotis
838 483 1032 547 demonstret
1091 482 1158 556 Ouo
1195 484 1287 566 igitur
1322 501 1378 546 suc
1413 485 1479 546 iure
1512 482 1672 547 Lambinus
1705 483 1781 547 haec
1813 483 1954 548 Lucretio

211 590 376 654 ‚ubucmm
1207 587 1208 591 ¹

566 683 636 747 628
662 681 802 762 Denique
828 681 872 741 ui
896 680 1043 742 minimus
1067 680 1101 741 iu
1122 680 1228 761 partis
1248 687 1363 741 cuncta
1387 680 1505 743 resolui

666 799 777 862 copore
802 785 983 842 commosset
1005 796 1110 840 rerum
1134 786 1252 840 nutura
1273 779 1426 857 creatrix,

665 881 729 942 ium
754 878 802 941 nil
826 897 866 940 ec
891 878 958 939 illis
983 878 1090 941 eadem
1115 895 1267 958 reparare
1291 878 1422 957 ualeret,

218 986 245 1048 si
271 1001 319 1047 me
342 1000 403 1047 non
427 981 597 1064 intelligere
624 979 730 1056 fateor,
757 978 878 1040 mhrime
901 993 1021 1055 vereor,
1047 975 1128 1057 quod
1153 976 1203 1038 ille
1222 976 1444 1039 contradicturo
1459 977 1597 1055 minatur,
1624 979 1820 1041 caecutientis
1836 995 1952 1059 oppro-

217 1084 323 1148 brium.
371 1081 463 1144 lmmo
497 1087 602 1143 natura
627 1097 667 1140 ex
692 1077 812 1139 Lucreti
842 1082 941 1138 mente
966 1093 1017 1137 res
1042 1081 1165 1138 cunctas
1191 1074 1317 1137 resolvit
1342 1093 1403 1138 non
1428 1077 1459 1137 in
1484 1077 1548 1155 ipsa
1575 1077 1716 1154 minima,
1750 1076 1804 1139 sed
1829 1078 1859 1139 in
1883 1079 1952 1159 pri-

216 1176 353 1254 mordia3
379 1179 543 1243 Creechius
568 1196 653 1256 vero,
679 1178 706 1238 si
731 1194 752 1237 a
776 1175 995 1237 mathematico
1019 1193 1078 1237 suo
1104 1173 1231 1235 Minimo
1256 1181 1376 1255 poetam
1401 1173 1450 1235 hic
1475 1173 1576 1237 redire
1601 1183 1703 1238 namet
1727 1175 1765 1239 ad
1786 1176 1951 1257 physicam

216 1280 376 1344 llinimum
401 1281 436 1356 (i.
462 1297 480 1341 e
506 1282 663 1353 atomum),
690 1274 765 1337 falsa
792 1280 901 1336 narrat.
951 1272 994 1335 Ea
1020 1274 1098 1335 euim
1124 1272 1275 1335 distinctio
1302 1273 1379 1354 apud
1405 1272 1576 1336 Lucretium
1601 1274 1682 1337 nulla
1707 1281 1762 1337 cst
1812 1274 1950 1337 Verissi-

216 1398 295 1443 mum
319 1379 395 1457 hoc,
422 1378 503 1459 quod
527 1376 596 1439 libri
622 1374 779 1437 exhibent:
824 1372 975 1453 ,denique
1000 1373 1039 1434 ai
1063 1372 1198 1434 minimas
1224 1374 1254 1434 in
1279 1378 1380 1453 partes
1405 1379 1510 1436 natura
1532 1381 1639 1436 cuncta
1664 1374 1850 1453 resolveret,
1876 1373 1950 1436 nihil

217 1497 257 1542 ex
282 1473 440 1554 illis²³)
464 1493 606 1559 reparare
631 1473 756 1550 valeret,

480 1573 585 1651 (631)
609 1580 779 1654 propterea
803 1569 889 1650 puio,
915 1587 995 1649 quoe
1019 1568 1156 1631 nullis
1180 1576 1253 1631 suat
1273 1568 1421 1649 portibus
1445 1577 1550 1648 aucto,

609 1691 674 1733 non
696 1676 830 1751 possunt
855 1686 895 1729 ea
919 1685 1000 1748 poce
1025 1667 1117 1730 debet
1137 1668 1287 1748 cecitatis
1311 1667 1427 1730 habere

612 1770 769 1846 materies,
794 1767 904 1830 comos
929 1784 1077 1842 canemus,
1099 1766 1252 1846 pondera,
1276 1767 1391 1847 plopus
1416 1773 1473 1828 etc.

384 1870 417 1934 ln
442 1872 488 1933 his
513 1870 691 1946 Lambinus,
724 1885 813 1950 quem
837 1872 958 1946 praeter
983 1856 1131 1927 'Giianium
1157 1871 1187 1926 et
1212 1863 1338 1927 Paucum
1364 1883 1469 1928 omnes
1494 1868 1591 1930 secuti
1617 1876 1703 1944 sunt,
1735 1870 1843 1932 iterum
1868 1887 1947 1933 con-

215 1973 335 2035 trariam
360 1972 538 2033 sententiam
563 1970 629 2032 lieri
655 1967 748 2031 voluit
777 2000 818 2011 -
847 1981 937 2026 unum
963 1965 1043 2026 anim
1069 1962 1195 2026 alterum
1221 1963 1358 2025 trahebat
1382 1966 1484 2027 vitium
1503 1999 1543 2010 -
1561 1967 1723 2030 scribendo
1739 1969 1855 2031 multis.
1889 1968 1950 2032 Sed

215 2088 374 2154 perperam
406 2069 464 2131 hoc
498 2087 569 2131 esse
603 2068 712 2130 lactum
739 2068 796 2127 iam
822 2064 890 2125 lnce
910 2062 1020 2124 clarius
1047 2068 1112 2139 cst,
1149 2061 1238 2125 modo
1265 2066 1486 2144 compamveris
1509 2083 1537 2125 v.
1563 2064 1587 2126 ll
1613 2065 1683 2128 485
1711 2083 1775 2148 seq.
1825 2066 1951 2149 Propter

214 2171 293 2233 enim
319 2169 349 2231 id
374 2169 471 2250 ipsum
499 2167 664 2248 ,partibas
687 2165 803 2227 aucta“
833 2160 993 2242 primordia
1019 2160 1165 2243 Epicurus
1188 2162 1300 2239 statuit,
1326 2162 1407 2243 quod
1431 2161 1519 2225 aliter
1543 2183 1601 2227 nec
1629 2165 1734 2248 figuris
1750 2168 1814 2247 ipsa
1831 2169 1950 2231 varima

214 2286 272 2331 nec
306 2285 357 2330 ras
390 2266 466 2330 ullas
500 2283 606 2328 creare
641 2270 766 2347 possent
799 2260 837 2323 ci.
863 2258 887 2320 ll
915 2258 985 2321 720
1013 2277 1077 2340 seq.
1126 2258 1201 2321 Nam
1227 2278 1304 2341 quae
1339 2268 1487 2342 tamquam
1514 2264 1719 2327 mathematica
1743 2270 1854 2346 puncta
1878 2271 1950 2329 sunt

216 2366 346 2446 („nullis
371 2365 504 2446 partibus
530 2366 667 2441 aucta“-),
691 2364 770 2424 inter
795 2379 829 2422 se
854 2358 927 2421 nihil
952 2359 1079 2443 distant3
1105 2376 1183 2440 quac
1209 2366 1309 2421 antem
1334 2378 1395 2422 non
1419 2361 1540 2440 distant,
1566 2365 1667 2426 varios
1694 2381 1840 2442 conexus,
1867 2383 1947 2447 pon-

214 2465 304 2543 dera,
331 2466 453 2548 plagas,
479 2481 664 2539 concursus,
691 2470 789 2523 motus
815 2458 927 2521 habere
952 2465 1108 2539 nequeunt
1132 2476 1168 2519 ac
1193 2476 1232 2520 nc
1257 2459 1461 2542 magnitudine
1486 2462 1608 2543 quidem
1634 2462 1769 2525 diversas
1794 2480 1845 2525 res
1871 2481 1947 2544 pro-

214 2582 319 2626 creare
345 2569 478 2646 possunt.
507 2597 546 2607 ·—
575 2561 695 2643 lamque
721 2578 760 2621 ex
786 2559 832 2620 his
859 2557 996 2620 omuibus
1023 2558 1111 2619 etiam
1137 2557 1276 2633 elucebit,
1302 2561 1411 2622 curin
1440 2579 1467 2621 v.
1494 2558 1561 2622 611
1592 2560 1727 2645 Preigeri
1752 2562 1945 2626 emendatio-

212 2681 301 2742 nem,
326 2670 414 2744 'quac
446 2669 494 2723 est
526 2661 668 2736 iliorum,
703 2657 895 2721 Marullianae
928 2653 1113 2736 praeferam,
1151 2657 1291 2737 quoniam
1316 2675 1389 2720 sane
1415 2660 1453 2721 d'a
1478 2659 1545 2723 aliis
1570 2661 1647 2722 ullis
1672 2662 1799 2744 cogitari
1824 2663 1939 2743 nequit,

217 2764 274 2825 nisi
300 2761 337 2824 de
364 2761 502 2823 minimis
528 2760 596 2820 illis
616 2756 772 2840 partibus.
823 2754 867 2817 Cf.
894 2754 965 2816 diss.
990 2772 1028 2816 m.
1052 2773 1081 2835 p.
1108 2752 1153 2816 32
1179 2773 1208 2816 n.
1238 2752 1291 2815 to.

386 2859 660 2940 Transpositionam
685 2863 784 2919 autem
809 2855 898 2931 illam,
925 2871 1013 2933 quam
1029 2853 1229 2915 lleisacherus
1254 2855 1284 2916 in
1309 2861 1424 2935 quaest.
1439 2855 1526 2917 Lucr.
1542 2855 1607 2937 p.9
1635 2856 1751 2934 suadet,
1778 2864 1810 2919 ut
1835 2875 1942 2920 versus

216 2957 285 3020 615
300 2995 341 3005 -
356 2955 400 3020 27
440 2959 615 3036 („minimas
649 2963 749 3040 partes
782 2953 957 3017 necessario
992 2952 1216 3015 constituendas
1251 2956 1362 3029 essc“)
1400 2954 1608 3035 superioribus
1642 2954 1701 3017 illis
1737 2955 1806 3017 599
1820 2992 1860 3001 -
1873 2955 1944 3018 614

213 3057 359 3138 (,quales
385 3061 444 3120 sint
469 3064 570 3138 partes
597 3056 665 3119 illae
691 3062 722 3117 et
746 3053 898 3135 quomodo
921 3053 952 3114 in
978 3055 1084 3115 atomis
1103 3053 1321 3128 coniunctae“)
1347 3054 1581 3134 praemittantur,
1608 3073 1796 3136 nequaquam
1814 3055 1944 3137 probare

142 3216 146 3225 ,
214 3156 375 3233 debemus,
413 3155 560 3235 siquidem
595 3154 671 3215 hacc
704 3153 797 3213 verba
828 3171 856 3213 v.
883 3148 1041 3211 uto-7
1082 3169 1182 3230 ,quae
1214 3152 1361 3232 quoniam
1394 3161 1468 3214 sunt
1491 3151 1577 3214 ltta
1601 3171 1722 3234 quoque
1748 3172 1840 3217 esse
1865 3156 1945 3229 (ie

214 3260 343 3330 emtore)
378 3254 435 3315 tibi
458 3253 564 3314 solido
588 3258 680 3332 utque
704 3258 836 3312 aeterua
857 3248 1039 3327 fatendumi‘
1068 3249 1231 3328 respiciant
1255 3267 1383 3312 necesse
1409 3257 1458 3313 cst
1479 3268 1588 3313 versus
1615 3248 1826 3314 ool-614:
1864 3271 1944 3333 poue

216 3355 364 3435 puoaium
386 3370 462 3433 per
485 3369 528 3412 se
552 3358 709 3431 nequeunt
733 3356 878 3411 constare
902 3352 959 3409 etc.

380 3448 453 3513 lude
486 3468 525 3512 cx
557 3450 617 3512 hoc
647 3449 715 3511 loco
746 3449 818 3511 satis
849 3444 1036 3519 memorabili
1069 3451 1208 3509 revertor
1228 3445 1266 3509 ad
1293 3466 1320 3508 v.
1345 3445 1358 3508 l
1383 3445 1451 3510 517
1480 3450 1530 3529 qui
1556 3467 1622 3511 mea
1647 3452 1767 3532 quidem
1795 3453 1946 3515 sententia

217 3551 328 3633 optime
353 3549 492 3612 inlibris
518 3549 562 3611 sic
587 3547 762 3611 exhibetur:

709 3647 712 3654 ’
1100 3644 1164 3713 nisi
1188 3645 1336 3705 materiai

630 3746 810 3822 concilium,
833 3745 918 3826 quod
941 3745 1035 3805 inane
1059 3750 1154 3823 pueot
1178 3761 1318 3804 rerum
1343 3741 1497 3806 cohibere.

381 3846 454 3910 Nam
488 3847 625 3911 omnibus
655 3846 747 3907 rebus
773 3827 861 3907 inane
885 3843 1047 3905 admixtum
1073 3858 1143 3903 csse
1169 3860 1237 3903 cum
1259 3841 1439 3923 aliquotiens
1465 3860 1554 3924 supra
1580 3844 1718 3908 docuerit
1739 3843 1837 3922 (369.
1864 3845 1946 3911 382.

217 3946 297 4008 511.
324 3946 421 4024 514),
447 3945 545 4026 quid?
584 3948 650 4008 sine
677 3942 738 4006 ullo
771 3946 828 4005 iam
854 3941 1054 4024 ambiguitatis
1079 3940 1213 4020 periculo
1239 3940 1333 4002 inune
1358 3961 1463 4003 rerum
1487 3951 1595 4023 poetae
1624 3944 1726 4008 dicere
1752 3963 1813 4008 non
1838 3945 1947 4009 licuit?

212 4044 315 4128 ltaque
340 4064 439 4127 neque
464 4046 673 4107 violentiorem
690 4042 870 4104 Lachmanni
894 4039 1134 4101 emendationem
1159 4040 1253 4102 inune
1279 4040 1312 4101 iu
1333 4040 1420 4102 rebu'
1447 4049 1549 4121 queat,
1566 4060 1666 4123 neque
1686 4042 1868 4106 lenissimam
1891 4064 1947 4127 per

213 4162 248 4207 se
264 4144 419 4226 Bemaysii
443 4162 551 4205 oerum
575 4143 736 4205 scribentis
764 4139 975 4203 admittendam
999 4155 1121 4201 censeo.
1157 4137 1295 4202 Ceterum
1322 4138 1434 4225 debuit,
1459 4141 1491 4202 ni
1517 4139 1614 4219 lallor,
1639 4161 1736 4205 cere
1761 4145 1820 4205 i.c
1849 4162 1957 4223 „vera

214 4246 351 4307 ratione“
381 4243 494 4305 dicere.

371 4340 485 4404 Nimius
519 4345 618 4401 antem
652 4339 684 4399 in
716 4356 754 4400 eo
788 4335 844 4399 luit
869 4335 1005 4413 Lachm,
1032 4334 1113 4417 quod
1147 4337 1176 4396 in
1201 4352 1218 4395 s
1242 4334 1322 4397 finali
1347 4335 1486 4398 elidenda
1512 4337 1589 4400 adeo
1614 4339 1753 4404 librarios
1779 4342 1945 4406 ollendissc

211 4446 310 4522 putat,
344 4458 420 4522 qnos
453 4439 630 4519 saepissime
655 4455 716 4499 non
742 4435 907 4499 offendisse
934 4436 1069 4498 videmus
1096 4439 1139 4508 (v.
1166 4430 1246 4494 975.
1274 4432 1354 4495 986.
1379 4432 1405 4495 ll
1432 4433 1476 4497 53
1503 4443 1588 4513 etc).
1639 4438 1710 4502 Eius
1734 4443 1779 4502 rei
1803 4441 1946 4505 luculen-

212 4539 358 4602 tissimum
383 4537 552 4620 exemplum
577 4535 707 4618 prodidit
733 4537 763 4597 in
788 4554 834 4597 vv.
860 4533 884 4596 ll
914 4532 955 4595 17
970 4533 1075 4597 -19;

1099 4648 1202 4692 noune
1226 4629 1343 4709 cidere,

656 4731 703 4793 nil
728 4732 819 4793 uliud
842 4731 904 4793 sibi
928 4738 1075 4792 naturam
1100 4730 1230 4804 labore,
1257 4729 1321 4790 nisi
1345 4739 1388 4807 ut,
1416 4733 1484 4792 cui

616 4909 620 4915 ,
655 4848 787 4910 corpore
810 4830 971 4892 seiunctus
995 4829 1086 4891 dolor
1111 4827 1203 4905 obsit,
1230 4836 1328 4889 mente
1351 4830 1480 4907 fruetur

654 4929 792 4991 iucundo
816 4946 920 5006 sensu,
946 4946 1026 4991 cura
1050 4935 1168 4990 semoto
1192 4928 1352 5007 metuque!

211 5030 263 5093 ubi
287 5027 405 5092 bachm.
432 5035 480 5105 (et
503 5028 608 5104 Bern.)
642 5029 746 5090 meuti’
777 5061 816 5072 —
846 5028 974 5090 semotu'
1000 5025 1080 5089 lecit.
1130 5025 1189 5089 Sed
1215 5031 1349 5088 naturam
1372 5042 1473 5088 nonne
1500 5036 1734 5092 consentaneum
1760 5036 1807 5092 est
1834 5029 1945 5110 „sibi

211 5130 364 5208 lutumst
393 5135 425 5191 ut
450 5129 513 5210 ipsa
539 5126 679 5191 iuuatur?
705 5126 863 5190 Lambinus
887 5126 978 5209 igitur
993 5133 1077 5189 recto
1091 5125 1212 5201 iudicio,
1234 5140 1411 5206 quamqmm
1427 5130 1457 5186 et
1472 5125 1537 5206 ipse
1552 5127 1590 5189 dc
1604 5129 1732 5191 semotu’
1747 5130 1942 5211 cogitaverat,

246 5359 292 5428 ²⁸)
309 5362 391 5433 Atque
408 5362 443 5415 ita
460 5359 561 5413 demum
577 5359 795 5413 demonstrativam
812 5375 861 5427 qno
878 5358 1001 5410 referatur
1017 5356 1107 5421 babat3
1124 5373 1181 5411 uam
1198 5360 1225 5410 iu
1241 5373 1303 5427 quae
1320 5365 1403 5426 partes
1420 5373 1478 5410 non
1494 5358 1658 5426 resolvuntur,
1675 5375 1709 5413 ex
1725 5364 1781 5413 utta
1792 5375 1854 5412 saus
1866 5374 1942 5428 rapa·

407 5446 456 5499 nri
474 5445 536 5497 mut
553 5445 650 5514 mesi.
