4326 5986
219 268 265 332 24

218 469 393 532 mannianae
424 464 517 545 longe
542 461 740 543 praeferenda
767 468 822 523 est.
872 460 967 525 Nemo
994 464 1085 545 igitur
1110 461 1282 530 offensurus
1308 470 1391 526 esset
1415 465 1446 526 iu
1472 465 1518 525 bis
1543 463 1660 527 verbis:
1699 466 1812 546 quippe
1838 467 1950 528 sanim

217 586 335 631 sumam
351 600 370 611 -
384 599 402 610 ·
420 597 439 608 -
455 596 474 609 ·
490 561 627 624 iactari:
652 561 733 622 unde
747 595 765 606 -
779 595 799 606 -
813 562 967 622 coibant?
991 561 1036 622 [te
1064 560 1112 623 tali
1139 570 1237 624 eutem
1261 565 1429 625 sententiae
1446 561 1541 624 forma
1559 570 1720 644 propterea
1737 580 1804 624 cum
1819 561 1950 647 Bergida

218 669 400 748 cogitantem
433 663 507 739 erit,
549 659 630 741 qaod
671 678 707 721 ea
747 662 845 721 statim
879 679 956 740 quae
990 663 1055 741 ipse
1088 660 1206 722 bacbm.
1241 663 1336 723 attulit
1371 661 1408 722 ad
1446 661 1712 726 commendandum
1746 663 1951 727 manticulari

217 765 342 828 verbum
376 763 449 825 satis
474 761 698 836 demonstrant,
736 777 797 821 non
822 776 914 840 posse
941 759 1011 823 illud
1038 760 1212 841 simpliciter
1238 760 1316 821 idem
1344 760 1517 842 significare
1542 768 1632 841 atque
1656 764 1791 843 finqere,
1816 780 1947 840 summe,

217 864 416 927 constituere.
464 859 579 922 Eodem
612 861 700 921 etiam
735 858 816 920 ducit
848 866 970 939 etymon
994 858 1095 935 uerbi,
1130 859 1210 940 quod
1237 877 1297 939 qno
1323 861 1389 921 iure
1412 858 1560 941 Bergkius
1587 878 1604 921 a
1630 879 1774 936 manere,
1808 870 1950 924 mantare

218 962 411 1027 derivandum
436 959 628 1034 iudicaverit,
663 964 696 1019 ut
720 958 758 1018 sit
783 959 949 1035 insidiari,
975 976 1036 1020 uon
1061 958 1170 1034 video;
1206 959 1295 1019 immo
1324 977 1340 1019 a
1366 960 1515 1035 mantica,
1542 960 1716 1021 manticula
1741 957 1849 1020 factum
1879 978 1949 1022 esse

218 1070 358 1145 apparet,
394 1060 472 1121 sicut
497 1057 651 1119 circulari
676 1055 835 1118 modulari
860 1076 876 1119 a
903 1058 1017 1120 circulo
1043 1057 1182 1134 modulo,
1209 1074 1303 1136 quare
1329 1064 1416 1119 sonat
1445 1059 1641 1134 ,manticulas
1668 1064 1837 1135 attrectare,
1864 1059 1951 1122 frau-

218 1162 309 1239 dare,
340 1158 447 1222 dolose
473 1157 598 1239 agere.“
650 1152 760 1217 Nostro
787 1162 886 1218 autem
912 1156 981 1218 loco
1007 1174 1046 1217 ue
1071 1156 1225 1218 lenissime
1251 1156 1372 1237 quidem
1399 1154 1512 1218 fraudis
1536 1156 1635 1219 dolive
1661 1159 1773 1219 mentio
1802 1160 1950 1220 convenit.

217 1259 319 1340 ltaque
344 1256 524 1319 Lachmanni
556 1255 730 1317 coniectura
761 1256 930 1335 speciosior
964 1263 1011 1317 est
1042 1273 1131 1336 quam
1157 1255 1267 1316 verior.
1317 1253 1423 1336 Neque
1448 1273 1522 1316 vero
1550 1254 1679 1318 feliciter
1704 1257 1768 1339 egit
1792 1254 1951 1340 Bergkius,

216 1360 268 1440 qui
291 1375 412 1419 sumam
435 1373 568 1417 nocuum
594 1355 628 1429 (i.
655 1371 672 1413 e
698 1355 868 1429 vacuant)
895 1355 981 1415 eruit.
1031 1352 1098 1415 Non
1124 1354 1204 1415 enim
1230 1371 1287 1434 per
1311 1356 1438 1435 spatium
1463 1372 1574 1416 vacans
1601 1355 1650 1418 illa
1675 1358 1764 1418 unius
1789 1356 1835 1416 rei
1860 1358 1952 1440 geni-

216 1458 286 1520 talia
318 1472 446 1536 corpora
477 1454 598 1517 turbare
638 1455 824 1535 cogitantur,
862 1453 917 1514 sed
950 1454 1048 1534 potius
1082 1452 1199 1516 occulta
1226 1454 1305 1515 inter
1332 1454 1476 1534 reliquam
1502 1456 1645 1517 materiae
1671 1457 1787 1538 copiam
1813 1457 1899 1527 (vide
1923 1475 1951 1516 v.

218 1555 315 1632 550).
348 1554 450 1634 ltaque
476 1555 617 1634 quoniam
630 1551 667 1613 de
681 1569 801 1613 sumam
816 1553 981 1614 occulte
996 1553 1131 1636 cogitare
1146 1570 1207 1616 non
1220 1552 1343 1630 debeas,
1370 1571 1387 1614 a
1404 1551 1544 1614 Lucretio
1562 1552 1728 1634 profectum
1746 1571 1816 1617 esse
1833 1556 1951 1617 conicio
2046 1552 2048 1557 ’

216 1663 267 1719 aut
278 1672 384 1717 sume
398 1654 579 1729 (samam)
593 1657 689 1712 ante
710 1651 832 1712 ocula
842 1670 876 1728 s,
889 1659 922 1713 ut
936 1650 1047 1713 finitam
1062 1650 1141 1714 illam
1158 1669 1318 1732 corporum
1331 1651 1547 1713 multitudinem
1565 1659 1632 1714 ante
1648 1653 1754 1717 oculos
1770 1659 1818 1728 (:
1831 1671 1952 1737 augen-

216 1752 382 1818 scbeinlicb
408 1750 446 1812 cf.
472 1750 484 1811 l
511 1748 639 1812 3421!
667 1745 746 1810 732.
772 1748 808 1812 lll
835 1746 889 1812 75.
919 1748 1003 1824 185)
1038 1751 1158 1813 turbare
1194 1750 1361 1826 concedat,
1397 1751 1483 1832 quasi
1517 1752 1546 1812 in
1580 1754 1799 1833 promptulam
1826 1770 1877 1814 res
1902 1754 1950 1829 sit

217 1859 268 1917 aut
290 1869 444 1914 samam
469 1868 647 1930 maqnum
671 1850 764 1926 finita
787 1867 844 1928 per
869 1868 979 1923 amne,·
1001 1869 1145 1930 maqnam
1170 1869 1258 1911 amne
1285 1853 1392 1912 iterum
1419 1847 1495 1912 infra
1513 1849 1589 1912 dixit
1603 1871 1630 1912 v.
1648 1849 1740 1913 1108
1768 1851 1823 1928 (cf.
1843 1848 1855 1912 l
1879 1849 1950 1928 74).

382 1949 463 2011 ldom
498 1948 570 2010 illud
601 1948 831 2010 manticulandi
865 1949 990 2010 verbum
1023 1948 1253 2011 aLucbmenno
1280 1955 1394 2010 umere
1419 1955 1574 2030 receptum
1599 1949 1781 2031 Bernaysius
1806 1953 1836 2013 in
1860 1970 1888 2012 s.
1913 1949 1951 2013 lll

217 2049 289 2112 240
314 2050 439 2126 induxit,
466 2048 517 2109 ubi
541 2047 618 2108 baec
644 2054 713 2108 sant
738 2048 768 2107 in
794 2047 899 2109 libris:

609 2146 656 2206 nil
681 2147 791 2207 borum
818 2147 965 2226 quoniam
991 2147 1111 2227 recepit
1133 2165 1240 2207 mens
1263 2164 1355 2226 posse
1380 2165 1490 2208 creare

613 2245 785 2323 sensiferos
808 2254 910 2306 motus
934 2246 1126 2324 quaedam
1152 2263 1226 2325 quc
1252 2252 1383 2307 mente
1408 2246 1575 2307 oalutat

206 2366 235 2416 ,e
259 2347 366 2427 quibus
393 2349 517 2427 primum
542 2343 620 2405 baud
646 2344 710 2405 scio
733 2361 770 2405 un
795 2347 914 2424 recepit
939 2342 1063 2406 formam
1089 2345 1286 2423 antiquiorem
1312 2343 1419 2406 eodem
1446 2346 1511 2405 iure
1527 2344 1644 2407 Lacbm.
1661 2346 1793 2407 retinere
1819 2348 1952 2427 potuerit

217 2463 277 2528 quo
313 2442 405 2510 eiicit
438 2442 463 2504 11
496 2441 584 2521 951,
618 2440 769 2507 traiicere
802 2441 839 2504 lll
865 2440 953 2521 513,
987 2443 1052 2505 alia.
1103 2441 1209 2504 Altero
1235 2445 1265 2504 in
1291 2461 1382 2505 uersu
1407 2442 1569 2505 Lambinus
1595 2445 1747 2524 quaedam
1773 2447 1826 2524 qui
1851 2454 1950 2507 mente

216 2544 357 2608 salutent
387 2543 476 2620 fecit,
511 2545 722 2623 interpretatus
752 2542 912 2622 ,quoniam
940 2561 1024 2604 mens
1050 2560 1111 2603 non
1136 2543 1264 2623 recipit,
1301 2560 1356 2604 seu
1380 2560 1440 2604 uon
1465 2542 1627 2623 approbat,
1660 2545 1819 2624 quicquam
1844 2543 1951 2606 borum

216 2645 304 2706 trium
331 2660 422 2723 posse
448 2640 615 2704 sensiferos
641 2646 738 2702 motus
767 2659 881 2717 creare,
908 2643 959 2720 qui
986 2648 1082 2727 motus
1108 2658 1158 2701 res
1185 2641 1299 2720 aliquus
1326 2644 1462 2722 cogitare
1480 2649 1510 2702 et
1525 2640 1662 2704 volutare
1677 2646 1817 2722 queant.“
1855 2642 1951 2705 Faber

215 2742 289 2805 nibil
322 2743 387 2803 sani
420 2741 478 2803 boc
502 2739 615 2801 babere
640 2740 695 2802 sed
719 2741 865 2801 rationem
891 2740 1044 2820 postulare
1070 2739 1131 2800 vult
1157 2741 1255 2819 queis
1270 2741 1375 2800 omnia
1401 2741 1619 2802 nobilitantur
1644 2746 1687 2815 (v.
1716 2739 1812 2817 248).
1863 2741 1949 2803 Alios

218 2840 381 2903 Greecbius
405 2840 511 2922 legere
536 2844 638 2900 namet
668 2840 742 2918 ,qai
767 2840 844 2900 dant
868 2857 947 2918 quae
972 2847 1071 2900 mente
1096 2838 1249 2899 solutes.“
1276 2837 1480 2900 Wakefieldus
1501 2838 1631 2920 denique
1647 2857 1730 2900 suam
1745 2842 1948 2903 coniecturam

217 2940 371 3021 quaedam
405 2939 477 3019 quei
502 2945 602 2998 orente
627 2938 773 2999 satutant
796 2939 1008 3018 interpretatur
1040 2939 1110 3018 ,qni
1136 2939 1304 2999 consistunt
1328 2938 1358 2999 in
1385 2937 1561 3018 quibusdam
1586 2937 1755 3000 votuundis
1779 2957 1834 3020 per
1859 2957 1948 3001 men-

215 3039 307 3100 tem.“
357 3037 438 3099 llaec
471 3038 568 3099 omnia
596 3043 629 3098 ut
653 3039 814 3098 vanissima
840 3043 1007 3098 commenta
1032 3055 1093 3098 non
1119 3043 1335 3098 commemorat
1359 3036 1497 3113 Lachm,
1533 3039 1584 3116 qui
1609 3044 1708 3099 tamen
1734 3038 1814 3118 quod
1838 3056 1950 3100 sensas

216 3138 397 3199 mentionem
428 3134 614 3198 inferendam
648 3137 761 3214 putavit
793 3138 836 3195 sic
869 3136 1004 3215 quidem:
1047 3135 1095 3195 nit
1128 3136 1237 3196 borum
1272 3137 1419 3215 qnoniam
1444 3137 1560 3214 recipit
1584 3155 1694 3215 quem
1718 3155 1810 3216 posse
1837 3155 1948 3199 creare

215 3233 339 3298 mimice
374 3236 492 3296 erravit.
545 3233 618 3306 Quis
649 3234 726 3295 enim
756 3251 882 3313 unquam
909 3236 948 3294 ita
972 3252 1058 3314 pron.
1084 3233 1168 3294 relat.
1196 3232 1413 3294 collocaverit?
1462 3231 1527 3294 Nea
1552 3235 1647 3315 magis
1674 3234 1800 3299 alteruun
1826 3254 1948 3298 versum

215 3333 335 3409 adiuvit,
361 3351 449 3413 mem
472 3334 516 3393 sic
541 3331 662 3411 prodire
688 3331 787 3392 iubet:
814 3331 984 3410 sensiferos
1007 3317 1108 3392 motas
1133 3331 1286 3410 quaedam
1311 3332 1374 3392 ais
1399 3333 1535 3393 menti’
1560 3333 1691 3395 volutat
1726 3332 1948 3398 Sententiarum

215 3450 289 3495 vero
322 3449 477 3493 connexus
511 3430 577 3491 talis
610 3432 649 3491 sit
682 3448 810 3492 necesse
843 3439 905 3492 est:
945 3448 1023 3507 ,nee
1056 3437 1155 3492 tamen
1185 3430 1260 3491 baec
1287 3431 1343 3492 tria
1368 3433 1441 3491 satis
1467 3440 1536 3493 sunt
1562 3431 1600 3492 ad
1625 3450 1747 3494 sensura
1773 3434 1946 3512 creandum,

216 3532 357 3612 quoniam
381 3529 453 3591 nibil
475 3547 579 3591 eorum
606 3530 772 3592 sensiferos
798 3538 895 3592 motus
921 3530 981 3592 ullo
1007 3530 1096 3591 modo
1123 3546 1228 3590 creare
1253 3536 1370 3610 potest;
1397 3536 1500 3610 quarta
1526 3531 1618 3613 igitur
1641 3537 1746 3594 natura
1772 3533 1808 3595 iis
1826 3532 1948 3596 attribui

215 3629 315 3707 debet,
342 3630 456 3691 initium
483 3635 581 3691 motus
606 3645 684 3709 quac
710 3627 767 3690 illis
793 3628 905 3691 dividat
930 3626 1072 3704 (271)“.

383 3727 464 3790 llaec
490 3727 671 3807 Bernaysius
694 3747 761 3790 cum
785 3730 1001 3809 perspexisset,
1027 3727 1103 3789 tales
1127 3744 1235 3788 versus
1261 3727 1429 3790 constituit:

607 3827 656 3887 nil
680 3827 790 3888 borum
814 3829 961 3906 quoniam
986 3828 1100 3905 recipit
1123 3845 1189 3886 res
1213 3843 1306 3905 possa
1332 3845 1443 3888 creare

605 3926 778 4004 sensiferos
803 3934 912 4002 motus,
938 3926 1101 4004 quidam
1126 3923 1232 4002 quod
1255 3926 1603 3987 manticulantur.

383 4024 477 4096 Onam
509 4026 712 4086 coniecturam
738 4026 895 4104 quominus
920 4023 1045 4105 probem
1069 4029 1189 4103 praeter
1211 4024 1414 4085 manticulari
1440 4024 1525 4085 verbi
1549 4024 1797 4106 significationem
1824 4026 1947 4087 obstant

215 4122 272 4184 alia
307 4123 501 4184 incommoda.
552 4121 625 4184 Nam
657 4125 795 4204 recipere
828 4130 957 4184 mentem
990 4141 1025 4184 ea
1060 4127 1170 4183 tantum
1196 4139 1274 4200 quae
1300 4123 1375 4183 ratio
1402 4121 1535 4185 admittat
1560 4130 1644 4184 recte
1672 4122 1791 4185 Laebm.
1815 4126 1945 4206 negavit

216 4217 317 4301 ltaque
343 4222 458 4301 recipit
480 4240 561 4297 res,
587 4221 667 4300 quod
694 4221 863 4303 elegantiae
889 4222 985 4284 solum
1001 4221 1089 4283 Bern.
1115 4221 1256 4282 tribuisse
1283 4220 1409 4297 videtur,
1436 4222 1543 4284 eodem
1568 4240 1661 4284 sensu
1686 4209 1747 4284 non
1767 4225 1862 4305 magis
1886 4222 1944 4283 ad-

215 4321 388 4383 mittendum
422 4320 487 4381 erit.
539 4319 655 4382 Deinde
689 4320 784 4382 altero
820 4322 848 4382 in
883 4339 973 4381 versa
1000 4326 1251 4383 commemoratur
1277 4319 1518 4383 adversariorum
1545 4323 1710 4397 sententia,
1746 4341 1823 4402 quae
1849 4320 1946 4402 qualis

214 4420 253 4479 sit
284 4437 450 4498 quorumve
483 4437 542 4480 oon
574 4419 675 4499 liquet.
727 4419 913 4500 Quicumque
940 4421 1017 4482 enim
1044 4427 1112 4480 ante
1137 4417 1297 4497 Epicurum
1324 4420 1449 4481 animum
1476 4438 1653 4501 corpoream
1679 4438 1749 4482 esse
1775 4422 1950 4497 voluerunt,

215 4534 320 4580 omnes
352 4517 516 4598 simplicem
549 4520 614 4579 eius
639 4526 773 4581 naturam
799 4525 983 4594 statuerunt3
1020 4519 1089 4579 vide
1114 4515 1341 4578 Pseudo-Plat.
1366 4517 1404 4579 de
1430 4519 1505 4600 plac.
1529 4519 1598 4600 pbil.
1625 4517 1671 4595 Ν,
1698 4516 1729 4580 3.
1760 4554 1800 4562 -
1831 4518 1946 4591 Quodsi

214 4622 312 4677 autem
338 4615 521 4679 Parmannus
554 4618 642 4679 buius
675 4620 734 4682 loci
768 4618 966 4700 corruptelam
1000 4616 1233 4678 reconditiorem
1267 4634 1337 4677 esse
1371 4624 1454 4698 putat
1485 4636 1572 4698 quam
1609 4635 1686 4697 quac
1713 4620 1812 4679 sanari
1839 4619 1943 4699 possit,

214 4717 381 4777 sententiae
407 4715 563 4793 satisfieri,
589 4717 614 4777 si
636 4717 756 4800 legatur
780 4718 892 4797 quibus
917 4723 1036 4777 constet
1061 4733 1189 4793 caroque
1214 4714 1378 4790 voluntas,
1406 4723 1543 4779 neutrum
1569 4723 1653 4777 recte
1679 4717 1793 4779 dixisse
1819 4717 1945 4779 videtur.

213 4812 319 4894 Neque
353 4816 432 4877 enim
465 4815 612 4877 soleratas
646 4817 744 4877 solum
779 4815 880 4878 mobili
906 4815 956 4877 ilfa
980 4816 1009 4874 vi
1036 4821 1172 4888 creatur,
1208 4813 1262 4875 scd
1289 4831 1394 4876 omnes
1420 4816 1541 4875 omniuo
1568 4813 1708 4878 sensileri
1736 4824 1851 4893 motus,
1887 4834 1946 4878 uec

214 4913 301 4975 nimis
326 4913 476 4976 nolenter
501 4931 607 4975 versus
634 4915 678 4976 sic
703 4915 819 4976 restitui
844 4932 935 4995 posse
962 4913 1119 4974 existimo:

610 5013 659 5074 nil
682 5013 792 5074 borum
816 5015 963 5093 quoniam
983 5012 1105 5092 recipit,
1130 5027 1172 5070 se
1194 5027 1288 5091 posse
1313 5030 1423 5072 creare

607 5112 779 5191 sensiferos
804 5121 913 5187 motus,
939 5119 1103 5190 atquae
1128 5127 1239 5170 mens
1263 5129 1433 5189 eumque
1459 5112 1636 5173 volutat.

373 5207 550 5293 Versuslll
577 5208 659 5289 493,
685 5214 736 5293 qui
761 5214 791 5274 in
816 5210 899 5272 libris
925 5208 992 5270 talis
1017 5214 1135 5270 exstat:

976 5309 1027 5369 eis
1050 5308 1151 5368 morbi
1177 5308 1331 5369 distracta
1355 5326 1414 5389 per
1439 5315 1530 5370 artus

558 5405 666 5470 turbat
690 5425 786 5487 apest
809 5411 947 5472 animam
970 5423 1149 5487 mumans
1175 5407 1218 5468 in
1244 5424 1379 5487 aequore
1403 5407 1490 5471 salso
1516 5413 1573 5469 ate.
