4326 5986
382 434 417 497 v·
444 432 524 495 ⁹22·
708 565 746 576 -
776 539 812 592 ut
835 538 992 612 nequeunt
1016 530 1155 593 domines
1179 538 1322 592 armenta
1345 528 1495 611 feraeque

605 632 689 692 inter
712 648 781 693 sese
804 630 934 692 ullam
959 649 1024 691 rem
1047 631 1174 710 gignere
1200 629 1426 692 coueeniuudo.

381 746 414 811 ln
446 747 506 809 hoo
537 763 629 808 versu
661 745 759 807 ultam
783 765 849 807 rem
873 745 981 807 eodem
1007 744 1096 807 modo
1123 762 1169 806 me
1196 744 1321 806 offendit
1346 761 1405 825 quo
1432 742 1513 805 illum
1540 745 1590 825 qui
1616 742 1733 806 affinxit
1754 743 1842 805 talem
1866 761 1942 806 ver-

211 846 354 911 siculum:
376 866 435 927 per
460 845 589 908 Veneris
613 863 674 922 res,
701 852 793 906 entra
818 845 957 905 domines
979 851 1123 906 armenta
1144 842 1301 925 ferasque.
1337 843 1398 906 Sed
1423 842 1521 905 lenius
1546 844 1715 905 sententiae
1730 842 1945 906 subveniemus

210 945 341 1030 legendo
367 945 496 1008 aliam
519 962 575 1027 pro
599 961 638 1008 ea
663 943 744 1024 quod
768 949 817 1006 est
840 943 946 1007 uttam.

370 1058 405 1121 V.
433 1054 499 1118 931
529 1075 592 1139 seq.
643 1056 691 1119 Ad
725 1056 901 1120 refutandos
925 1057 1045 1121 Stoicos
1078 1064 1167 1139 poeta
1192 1058 1315 1134 transit,
1350 1060 1400 1138 qui
1426 1075 1602 1139 quamquam
1628 1063 1659 1119 11
1684 1059 1739 1138 ipsi
1766 1057 1878 1120 sensile
1903 1077 1944 1120 ex

210 1175 301 1222 non·
281 1157 414 1221 -sensili
441 1157 514 1220 oriri
540 1157 703 1238 putabant,
729 1163 828 1219 tamen
853 1175 914 1218 non
939 1157 1007 1219 solo
1033 1165 1199 1220 atomorum
1226 1157 1403 1234 conciliatu,
1430 1156 1554 1234 ordine,
1580 1157 1733 1237 positura,
1760 1157 1888 1218 motibus
1913 1154 1943 1220 id

209 1255 293 1335 fieri,
326 1257 382 1320 sed
416 1256 610 1318 mutabilitate
647 1255 773 1337 quadam
808 1256 1025 1319 elementorum
1052 1260 1141 1330 (τῶν
1165 1245 1350 1341 τεττάρων
1375 1273 1559 1370 στοιχειμν
1582 1250 1797 1368 μεταβολή),
1834 1263 1864 1316 11
1889 1256 1944 1319 sub

211 1358 306 1440 ipsum
332 1363 447 1438 partum
472 1357 634 1417 mutatione
659 1349 757 1437 aliqua
783 1353 858 1417 loris
883 1373 938 1436 per
963 1362 1033 1417 aera
1059 1355 1124 1424 (vel
1150 1353 1285 1430 aethera,
1311 1344 1354 1419 τὸ
1379 1343 1542 1438 τεχνικὸν
1567 1350 1653 1440 πῦρ,
1684 1351 1839 1444 πνεῦμα)
1867 1354 1945 1421 iacta

211 1473 319 1520 sensus
345 1454 465 1517 incendi
490 1454 669 1517 statuebant
675 1451 735 1530 22)
786 1453 888 1535 ltaque
914 1454 1023 1515 huec'
1015 1474 1072 1516 ram
1098 1456 1142 1515 sic
1168 1453 1297 1536 legenda
1324 1454 1477 1516 videntur:

604 1543 695 1645 Quod
717 1572 746 1631 si
769 1571 852 1649 sorte
878 1570 996 1651 aliquis
1020 1572 1114 1647 dicet,
1143 1571 1307 1631 dumtaxat
1332 1570 1413 1630 oriri

601 1683 693 1749 passe
719 1688 759 1730 aa
784 1688 866 1730 non·
868 1687 967 1730 senisu
992 1687 1133 1731 sensum
1158 1668 1376 1743 instabilitate,

604 1775 661 1829 aut
684 1767 791 1849 aliquo
818 1776 974 1848 tamquam
1000 1776 1096 1848 partu
1123 1768 1206 1849 quod
1229 1770 1408 1847 pretinm
1434 1774 1578 1829 estet:

378 1865 471 1928 Recte
505 1867 583 1929 enim
614 1885 738 1929 sensum
762 1867 907 1951 singulari
932 1884 1057 1929 numero
1085 1868 1276 1930 concinnitati
1304 1865 1408 1927 deberi
1433 1865 1615 1947 Bernaysius
1640 1862 1729 1944 ituit,
1769 1869 1820 1948 qui
1845 1869 1942 1930 minus

209 1973 293 2030 recte
324 1965 509 2046 proditur
543 1972 635 2027 cetra
668 1965 766 2042 dedit;
802 1983 869 2028 nam
905 1973 998 2028 entra
1020 1968 1168 2047 proditur
1194 1964 1222 2026 id
1248 1964 1385 2043 tandem,
1420 1964 1500 2046 quod
1526 1967 1604 2027 intus
1630 1973 1677 2026 est
1702 1965 1757 2041 (cl.
1783 1965 1820 2027 lll
1846 1964 1942 2043 603).

210 2064 311 2128 Possis
338 2064 467 2128 sortasse
490 2066 688 2144 proditus
715 2066 749 2140 (i.
777 2085 794 2126 e
821 2066 935 2138 editus)
960 2059 1051 2126 estet.

381 2162 462 2225 lllam
488 2164 579 2245 igitur
603 2164 842 2226 mutabilitatem
868 2172 899 2225 et
921 2172 1035 2245 partus
1056 2165 1119 2225 eim
1145 2163 1217 2224 nihil
1243 2162 1418 2226 aliudesse
1445 2163 1578 2225 dicturus
1604 2165 1661 2225 nisi
1679 2170 1845 2228 atomorum
1865 2182 1945 2226 eon-

211 2263 350 2342 ailiatum,
374 2280 466 2326 verus
493 2259 636 2323 935-11
662 2263 707 2324 sio
732 2262 891 2343 protulisse
918 2270 1007 2344 poeta
1034 2262 1202 2326 credendus
1229 2269 1295 2323 est:

652 2381 714 2424 non
738 2362 809 2439 fieri
830 2371 958 2442 partum
983 2363 1046 2423 nisi
1073 2362 1210 2423 concilio
1237 2369 1309 2422 ante
1335 2370 1456 2437 coacto,

651 2463 899 2542 necquicquam
925 2462 1110 2522 commutari
1134 2461 1221 2521 nisi
1246 2459 1479 2536 conciliatum,
1506 2468 1509 2475 '

213 2559 265 2624 ubi
290 2558 429 2621 inlibris
454 2566 553 2621 exstat
575 2559 643 2620 sine
670 2560 853 2636 conciliatu,
880 2560 960 2640 quod
986 2557 1093 2621 Christ.
1118 2578 1146 2639 p.
1165 2556 1207 2618 18
1232 2559 1297 2619 nisi
1322 2559 1522 2621 concutiatur
1547 2559 1764 2622 emendandum
1792 2560 1945 2623 censebat

213 2657 246 2722 ld
272 2658 431 2720 tamenab
457 2676 490 2719 re
518 2676 597 2720 nunc
622 2658 750 2722 alienum
775 2666 829 2720 es't.
872 2658 946 2722 Nam
972 2657 1128 2745 Lucretius
1151 2657 1289 2719 versibus
1316 2655 1484 2719 est-62
1511 2656 1583 2719 illud
1607 2659 1687 2738 quod
1714 2677 1773 2741 ego
1800 2659 1862 2721 dixi
1888 2664 1945 2721 iam

216 2757 357 2839 „planum
382 2757 484 2819 lacere
508 2764 596 2838 atque
622 2758 772 2838 probare“
800 2757 899 2841 studet
924 2758 1008 2820 hisce
1034 2758 1235 2839 argumentis:

391 2861 425 2931 1)
451 2874 559 2918 sensus
591 2874 653 2941 non
687 2865 772 2919 11111
803 2864 961 2939 antequam
993 2857 1150 2920 animantis
1184 2862 1288 2917 natura
1313 2856 1507 2938 gigneretur,
1539 2856 1686 2917 nimirum
1713 2859 1781 2938 quia
1807 2859 1948 2920 materies

214 2955 339 3020 disiecta
365 2955 524 3025 tenebatur¹
548 2955 674 3017 necdum
701 2975 868 3038 corrgressa
893 2956 999 3019 vitales
1026 2962 1124 3018 motus
1150 2956 1286 3016 intense
1312 2953 1488 3047 contulerat,

1006 3054 1186 3135 -quibus
1211 3054 1416 3113 omnituentes

609 3155 737 3217 accensi
762 3172 872 3215 sensus
896 3154 1070 3214 animante
1095 3153 1135 3213 in
1160 3168 1321 3231 quaque
1347 3151 1528 3225 cientur,

214 3255 252 3319 de
278 3273 336 3336 qua
363 3253 571 3316 emendatione
598 3272 664 3316 cum
690 3253 856 3315 Purmanno
883 3253 1024 3314 consensi
1050 3254 1220 3344 priusquam
1247 3249 1382 3331 legerem
1407 3269 1483 3330 quae
1509 3215 1675 3332 exposuit:
1668 3270 1698 3313 in
1716 3250 1801 3314 Jahn.
1837 3252 1944 3316 111111.

237 3353 316 3416 XVll
396 3351 467 3413 660
494 3370 557 3413 se

213 3353 237 3424 L
341 3373 367 3437 p
387 3371 645 3534 2Jgrandliore
636 3451 696 3511 ictu
722 3439 855 3512 animans
882 3452 921 3511 ita
946 3467 1038 3529 saepe
1065 3447 1216 3531 affligitur,
1245 3454 1276 3510 ut
1301 3453 1352 3510 aut
1375 3466 1500 3529 prorsus
1526 3466 1634 3511 sensus
1661 3452 1772 3512 amittat
1787 3458 1837 3513 111
1851 3470 1944 3534 aegre

212 3553 346 3632 recipiat
396 3549 481 3613 Unde
514 3548 599 3612 hoc?
640 3534 872 3627 ,Dissoluuntur
903 3550 981 3609 enim
1014 3549 1167 3628 positurae
1202 3546 1454 3628 principiorum;“
1500 3565 1567 3609 uam
1602 3547 1680 3610 aliud
1717 3551 1793 3611 ictus
1821 3549 1944 3613 efficere

212 3649 286 3716 nihil
310 3645 399 3711 11111.

384 3739 520 3809 1111111
545 3749 576 3808 in
601 3745 700 3807 medio
726 3745 784 3807 hoc
810 3751 987 3827 argumento
1013 3762 1197 3826 magnopere
1224 3744 1403 3806 ollendimur
1427 3764 1455 3805 v.
1483 3742 1577 3805 960:

536 3852 539 3856 ’
605 3863 679 3906 nam
704 3862 801 3928 quare
825 3844 976 3922 potius
1001 3842 1055 3906 leti
1080 3839 1144 3905 iam
1170 3845 1275 3906 limine
1302 3844 1340 3905 alr
1367 3845 1435 3924 ipso

607 3944 651 4004 ad
673 3943 770 4004 citam
793 3943 895 4022 possit
919 3942 1062 4004 conlecta
1087 3952 1186 4004 mente
1213 3945 1340 4027 reperti,

608 4059 700 4123 quam
725 4060 785 4121 quo
811 4042 975 4103 decursum
998 4062 1097 4122 prope
1122 4044 1185 4103 iam
1210 4045 1271 4105 siet
1295 4045 1342 4103 ire
1370 4048 1400 4103 et
1425 4042 1538 4105 abire?

383 4140 603 4203 Sententiarum
628 4159 738 4203 nexum
765 4141 933 4202 accuratius
959 4141 984 4200 si
1010 4143 1210 4220 inquisiveris,
1237 4160 1351 4204 meeum
1379 4140 1483 4220 iacies,
1509 4142 1558 4223 qui
1584 4140 1743 4204 dicendum
1769 4142 1838 4205 esse
1866 4161 1950 4206 can··

104 4247 108 4251 ’
212 4242 303 4305 tendo
328 4242 467 4304 setius
492 4237 549 4314 (ci.
575 4238 613 4300 vi
639 4239 726 4315 315)
751 4258 806 4320 pro
834 4257 871 4301 eu
897 4238 977 4318 quod
1004 4247 1051 4300 est
1074 4242 1189 4320 potius.

381 4337 412 4400 ln
438 4357 530 4400 versu
551 4345 649 4400 autem
677 4335 745 4400 963
772 4358 838 4427 curn
864 4355 973 4399 novum
1000 4345 1116 4400 asserat
1142 4345 1230 4419 pocta
1251 4345 1468 4422 argumentum,
1496 4358 1549 4401 cur
1569 4339 1649 4401 nulla
1670 4357 1762 4401 sensu
1782 4340 1942 4420 primordia

211 4440 345 4524 praedita
370 4456 440 4500 esse
466 4438 596 4500 debeant
621 4436 736 4514 (972),
763 4438 851 4518 idque
879 4458 895 4498 e
922 4437 1035 4499 doloris
1063 4437 1281 4518 voluptatisque
1308 4427 1480 4498 definitione
1508 4438 1703 4520 desumptum,
1730 4458 1833 4519 parum
1859 4449 1943 4502 recte

212 4538 341 4616 Lachm,
367 4532 457 4618 quem
482 4537 664 4618 Bernaysius
690 4539 835 4618 sequitur,
859 4545 1027 4617 praeterea
1052 4556 1156 4599 vocem
1185 4537 1305 4599 mutavit
1332 4539 1361 4597 in
1386 4545 1561 4618 propterea.

383 4635 539 4716 Reliquum
565 4644 612 4697 est
636 4645 668 4698 ut
692 4637 729 4698 de
757 4656 783 4696 v.
811 4635 876 4696 941
907 4636 1050 4712 dieamus,
1077 4638 1127 4716 qui
1156 4636 1282 4697 Christio
1309 4638 1511 4716 suspicionem
1538 4637 1637 4696 movit.
1672 4633 1731 4697 Sed
1757 4654 1856 4716 neque
1885 4637 1943 4698 de-

212 4738 302 4800 bebat
326 4736 402 4798 haee
427 4753 444 4796 1
470 4736 675 4816 superioribus
702 4734 758 4795 hoc
785 4734 873 4795 niodo
900 4734 1063 4810 divellere,
1096 4743 1128 4797 11
1154 4734 1273 4797 Pontuni
1300 4743 1498 4811 cornnicntum
1525 4733 1765 4811 commendaret,
1792 4738 1842 4816 qui
1869 4735 1944 4796 HEC

211 4857 267 4921 pru
288 4833 363 4897 NEC
389 4836 418 4896 in
444 4852 499 4896 sua
525 4834 631 4896 codice
657 4833 860 4914 adscripserit,
886 4852 943 4894 nec
968 4835 1168 4914 explicatione
1195 4853 1299 4896 carere
1326 4843 1396 4916 puto
1423 4835 1512 4896 rrrado
1539 4831 1721 4914 particulam.
1769 4832 1871 4896 Simile
1897 4842 1945 4900 est

829 4949 839 4981 ,
1575 4939 1577 4945 ,

248 5101 349 5167 ².²)ct
367 5100 547 5153 lleisaclierum
591 5104 685 5165 picari
700 5103 733 5152 de
749 5106 908 5153 animarum
925 5103 1034 5151 nature
1050 5101 1244 5191 dqetrinaetc.
1279 5097 1365 5150 Calon.
1384 5093 1449 5150 1855
1467 5096 1785 5189 etquemilleluudatp.
1805 5093 1938 5163 18Chry·

410 5185 506 5253 cippum
524 5185 588 5252 apud
606 5184 667 5237 Pina.
685 5184 716 5235 do
733 5183 808 5235 snio.
826 5200 929 5293 repngp
942 5164 1084 5239 111.τὸ
1111 5166 1174 5255 dod
1175 5191 1243 5264 φος
1268 5172 1306 5238 ἐν
1329 5171 1377 5288 τῇ
1399 5192 1527 5260 yaaapt
1534 5191 1650 5288 quaet
1665 5167 1870 5288 qqidapeadue
1886 5194 1941 5236 ro·

409 5267 515 5368 μίξει,
545 5268 717 5363 καθάπερ
742 5268 868 5389 peada·
895 5265 983 5340 daun
1007 5266 1049 5340 dt
1069 5270 1217 5387 τεχθῇ,
1228 5291 1452 5360 ψυχουμενον
1471 5263 1543 5340 ὑπὸ
1563 5271 1630 5339 τοῦ
1651 5263 1758 5360 ἀέρος
1779 5261 1838 5337 καὶ
1858 5289 1941 5337 111-

410 5369 585 5468 μούμνον
603 5367 647 5441 τὸ
667 5373 818 5463 πνεῦμα,
842 5364 1074 5463 μεταβάλλειν
1099 5360 1159 5436 καὶ
1168 5345 1369 5456 γίγνεσθαι
1394 5365 1494 5451 ζῶον.
1520 5470 1572 5533 3*
