4326 5986
1787 249 1896 346 '2⁵'

156 466 217 512 nou
242 446 434 510 dubitandum
460 453 508 508 cst
531 446 602 526 quin
629 447 694 508 sine
720 446 845 507 artificio
868 447 908 508 ita
932 445 1041 507 debeat
1067 446 1284 521 cusenderius
1308 447 1420 508 inserta
1446 447 1635 529 comparandi
1651 447 1807 530 partictda,
1833 447 1888 512 sed

157 563 295 629 eaquae
321 554 353 608 et
377 543 594 626 simplicissima
621 553 669 607 cst
695 553 725 606 et
751 543 890 607 facillime
916 553 1040 626 propter
1065 547 1201 626 proxima
1227 545 1370 607 excidere
1395 552 1522 628 poterat,
1548 546 1713 610 scribamus
1738 566 1888 628 spamus

155 655 200 708 ut
223 648 257 708 iss
282 664 349 726 neq.
373 663 398 706 s.
425 646 459 718 (i.
486 662 504 705 e
527 646 625 707 turbat
650 646 796 716 eitimam,
821 661 941 724 spumas
967 651 1077 726 ageas)
1105 645 1153 707 ubi
1179 644 1296 707 Lacbm.
1322 654 1460 725 mmet
1483 647 1605 726 quusi
1632 649 1666 708 iu
1693 654 1750 709 etc.
1777 646 1898 710 ellecit·

327 743 387 807 VV.
414 742 450 804 lll
478 740 620 804 573-5
650 744 679 804 iu
706 743 788 804 libris
813 743 871 805 boc
897 743 986 804 modo
1012 742 1168 825 leguntur:

548 841 668 922 Corpus
694 845 774 903 enim
799 850 890 922 atque
915 845 1052 903 animum
1077 846 1156 904 serit
1178 853 1244 918 uer,
1270 845 1299 903 si
1324 843 1469 904 cobibere

548 941 622 1002 Sese
649 942 756 1001 estimo
781 949 872 1020 utque
899 942 932 1000 iu
958 960 1011 1002 eos
1034 945 1152 1021 poterit
1175 940 1363 1002 concludere
1389 950 1498 1018 motus,

549 1038 634 1114 Quos
661 1049 733 1100 unte
760 1041 794 1100 in
819 1042 925 1101 neruis
950 1049 980 1101 et
1004 1041 1037 1100 in
1064 1041 1133 1121 ipso
1160 1058 1291 1120 corpore
1317 1041 1437 1120 opebm.

323 1138 389 1201 Obl.
424 1145 523 1201 tamen
547 1139 613 1199 sic
638 1139 755 1215 colrib„
789 1138 897 1211 Ouadr.
925 1138 1022 1200 Esse
1047 1142 1162 1200 auimo.
1214 1143 1312 1219 Atque
1339 1141 1368 1200 in
1394 1159 1420 1202 r.
1449 1137 1517 1200 573
1545 1143 1690 1201 animans
1716 1142 1778 1203 erit
1801 1141 1902 1204 Nau?

155 1240 233 1323 gerii
265 1245 297 1301 et
320 1237 454 1301 Lambini
488 1245 625 1299 correcta
658 1239 745 1298 citius
781 1256 839 1300 uon
874 1241 1055 1320 cognoveris
1089 1256 1176 1318 quam
1210 1240 1389 1318 arripueris,
1426 1241 1454 1300 iu
1489 1241 1627 1319 proximo
1663 1246 1762 1301 autem
1797 1259 1888 1303 versu

155 1337 334 1400 Wakefieldi
371 1339 574 1400 coniecturam
600 1335 646 1396 ln
681 1355 714 1396 se
749 1340 900 1399 animum
933 1337 1010 1398 baud
1037 1340 1102 1398 seio
1128 1356 1164 1397 arr
1191 1338 1326 1417 cupidius
1353 1336 1558 1399 Lachmannus
1583 1338 1763 1418 probaverit.
1814 1339 1891 1402 Nam

154 1454 254 1519 nequa
277 1454 389 1518 corpus
410 1453 468 1498 nec
494 1443 546 1497 adr
571 1437 697 1497 animam
723 1438 757 1496 iu
782 1443 883 1497 motus
907 1437 1067 1497 concludit
1080 1436 1131 1511 (l),
1156 1436 1211 1497 sed
1237 1437 1299 1516 ipsa
1322 1439 1417 1498 anima
1433 1439 1462 1499 in
1479 1454 1608 1517 corpore
1622 1444 1726 1499 nuatm
1743 1439 1886 1501 conclusa

154 1544 253 1600 matus
278 1535 446 1598 sensiferos
471 1541 617 1610 movetur,
643 1535 724 1614 quod
751 1542 798 1597 est
823 1554 850 1595 v.
866 1533 946 1611 569,
973 1542 1003 1596 et
1026 1537 1137 1616 poterit
1159 1536 1218 1597 dici
1247 1537 1286 1596 in
1312 1546 1410 1598 uere
1435 1556 1468 1596 se
1494 1535 1639 1597 cobibere
1665 1545 1758 1616 etque
1783 1556 1889 1599 con-

155 1636 328 1697 cludere
355 1633 535 1716 (perlicere)
561 1640 661 1696 motus
685 1635 786 1710 (eos),
812 1653 890 1714 quos
914 1641 981 1710 etc,
1008 1652 1101 1714 querc
1126 1653 1184 1697 una
1209 1635 1337 1698 litterula
1364 1637 1468 1697 eiecta·
1485 1633 1569 1711 dicas
1595 1652 1728 1697 mecum:

547 1732 621 1793 Sese
648 1735 756 1794 animo
782 1740 873 1813 atque
898 1734 932 1793 in
958 1750 1001 1794 eo
1023 1735 1149 1813 poterit
1172 1735 1359 1796 concludere
1382 1742 1483 1795 motus
1508 1741 1564 1794 cte.

326 1831 357 1894 ln
389 1831 525 1893 eiusdem
559 1830 626 1892 libri
651 1849 678 1892 v.
706 1830 773 1893 657
809 1833 942 1893 minanti
978 1832 1082 1894 ccudo
1115 1832 1205 1894 rerba
1230 1833 1389 1895 oileusioni
1415 1851 1475 1894 nou
1501 1850 1569 1892 essa
1596 1833 1670 1894 vidit
1694 1831 1888 1911 Beruaysius,

155 1932 209 1995 sed
244 1931 323 1993 idem
356 1930 432 1992 baec
464 1937 583 2010 poetam
616 1931 785 1993 cumulasse
809 1931 903 1992 voluit
931 1938 1123 2011 ,serpentem
1150 1932 1286 1995 vibrante
1310 1932 1429 2014 lingua,
1463 1932 1584 1992 minanti
1609 1931 1723 2007 cauda,
1758 1948 1887 2011 procero

154 2032 303 2112 utrimque
329 2030 490 2110 corpore.“
530 2028 600 2090 Mihi
626 2029 682 2090 alia
708 2029 826 2091 videtur
852 2048 921 2091 esse
948 2030 1137 2111 corruptelae
1163 2031 1254 2093 sedes
1279 2037 1368 2112 atque
1395 2030 1435 2091 illi
1462 2037 1600 2109 putarunt
1626 2031 1726 2091 etsie
1752 2031 1887 2092 conicio:

550 2129 624 2207 quin
652 2130 746 2190 etium
772 2129 828 2189 tibi
854 2130 892 2205 si,
919 2129 1028 2209 linquo
1052 2129 1206 2206 uibrante,
1232 2131 1365 2191 minanti

547 2229 702 2307 serpentis
727 2228 831 2289 condo
852 2245 1040 2308 procerum
1066 2247 1198 2308 corpus
1222 2231 1375 2309 utrimque

442 2402 446 2408 Ι
548 2326 592 2388 sit
616 2326 737 2387 libitum
762 2328 796 2388 iu
822 2327 937 2388 multus
957 2328 1063 2406 portis
1088 2328 1242 2389 discidere
1266 2329 1354 2407 ferro
1379 2335 1437 2388 cte.

327 2424 429 2488 Paullo
454 2430 523 2506 post
549 2443 576 2485 v.
605 2423 674 2485 868
701 2424 819 2487 Lacbm.
845 2427 890 2487 sic
916 2428 1088 2488 coustituit:

1164 2544 1262 2605 neque
1287 2525 1383 2587 bitum

574 2622 709 2704 differre,
737 2632 832 2684 onte
858 2624 947 2686 ulio
968 2624 1068 2702 [uerit
1092 2627 1155 2685 iam
1180 2633 1315 2704 tempore
1341 2632 1444 2686 notus.

324 2721 390 2784 Obl.
417 2721 548 2783 annullo
574 2722 698 2799 anullo,
725 2722 834 2795 Ouadr.
861 2723 969 2784 anullo
994 2723 1118 2799 anullo,
1145 2721 1219 2785 Vici.
1245 2723 1356 2785 unuilu
1382 2723 1518 2797 (semel).
1570 2723 1629 2785 Sed
1656 2724 1736 2803 quod
1764 2723 1888 2791 Lacbm..

153 2823 228 2885 lecit
248 2841 319 2885 num
341 2821 464 2884 latinum
490 2822 530 2882 sit
553 2820 664 2882 dubito.
683 2821 819 2883 lallitur
844 2824 923 2883 enim
950 2824 979 2883 in
1005 2839 1043 2883 ao
1066 2822 1146 2902 quod
1173 2825 1303 2884 omissae
1330 2822 1492 2903 particulae
1518 2823 1687 2904 exemplum
1713 2823 1790 2885 infra
1812 2840 1884 2884 esse

154 2923 226 2986 dicit
251 2920 289 2982 tv
317 2921 426 2994 1259,
463 2921 513 2982 ubi
547 2939 564 2979 e
598 2922 755 2999 superiore
789 2938 880 2982 versu
913 2930 947 2982 ut
970 2920 1113 3001 particula
1139 2921 1303 3001 repetenda
1329 2929 1391 2982 est:
1431 2921 1529 2999 refert
1553 2930 1597 2981 ut
1620 2923 1742 2983 semino
1764 2923 1889 3003 possint

152 3020 331 3084 Seminibus
364 3019 560 3081 commisceri
590 3020 770 3099 penituliter
805 3028 880 3098 opto
906 3017 1082 3100 Crassaque
1107 3022 1297 3081 conueniunt
1317 3020 1458 3100 liquidis.
1511 3018 1594 3091 Quae
1622 3020 1761 3083 dilleraut
1788 3028 1887 3082 autem

154 3122 295 3202 quoniam
329 3119 389 3181 duo
424 3119 484 3179 sint
515 3134 643 3179 neccsse
668 3125 732 3191 est,
764 3116 921 3179 Lueretius
948 3127 998 3179 aut
1023 3118 1152 3180 debebat
1178 3118 1297 3179 dicere:
1338 3136 1458 3198 ,aeque
1483 3119 1641 3197 quicquam
1668 3117 1790 3180 differre
1818 3136 1887 3180 eum

154 3222 205 3303 qui
240 3237 301 3281 aon
335 3225 382 3280 est
413 3217 449 3278 ab
486 3216 536 3278 illa
571 3218 621 3296 qui
653 3235 802 3298 nunquam
829 3215 923 3291 luit,“
961 3224 1010 3279 aut
1035 3216 1114 3279 bunc
1140 3219 1170 3279 iu
1193 3218 1313 3279 modum
1337 3219 1515 3279 sententiam
1540 3219 1719 3298 concipere:
1766 3235 1887 3297 ,neque

154 3321 312 3399 quicquam
344 3312 484 3392 differre,
519 3321 617 3376 utrum
653 3316 742 3377 luerit
776 3315 836 3377 ullu
873 3323 1007 3397 tempore
1033 3317 1177 3378 annullo
1204 3315 1322 3378 luerit.⁵‘
1377 3315 1497 3397 ltaque,
1531 3318 1557 3378 si
1584 3317 1704 3396 quidem
1729 3318 1758 3378 iu
1783 3318 1885 3398 priore

153 3416 289 3479 membro
314 3435 356 3477 on
381 3413 592 3477 admittendum
620 3432 680 3475 uon
706 3417 763 3476 crit
788 3413 843 3488 (cl.
868 3414 1033 3478 Bentleium
1059 3415 1097 3476 ad
1122 3414 1193 3476 llor.
1219 3415 1248 3475 S.
1274 3414 1313 3490 ll,
1341 3415 1373 3476 4.
1403 3414 1455 3476 10,
1482 3433 1528 3495 ep.
1554 3416 1600 3477 ad.
1628 3415 1682 3477 Pis.
1714 3414 1816 3490 116).
1855 3423 1888 3478 ut

154 3515 257 3578 lacere
281 3514 387 3576 liceat:
415 3532 463 3574 on
488 3512 608 3575 nulio
631 3514 731 3592 suerit
756 3517 820 3575 ium
847 3521 982 3594 tempore
1008 3533 1061 3575 on
1086 3515 1191 3590 uilo,
1217 3513 1461 3576 verisimillimum
1486 3514 1544 3575 boc
1570 3531 1640 3576 esse
1666 3532 1797 3576 censeo:

546 3612 618 3690 res
622 3632 701 3688 erre,
728 3621 813 3673 unte
839 3613 905 3674 ullo
927 3613 1026 3693 suerit
1050 3632 1144 3674 num
1170 3621 1304 3692 ternpore
1330 3621 1431 3674 notus.

325 3710 359 3773 V.
386 3708 467 3787 894,
493 3710 543 3771 ubi
569 3710 644 3772 alius
670 3713 727 3773 sibi
752 3712 993 3774 contradicentes
1017 3709 1088 3773 iacit
1111 3719 1210 3792 poeta,
1237 3720 1271 3773 ot
1294 3710 1438 3793 particula
1463 3713 1551 3775 unice
1576 3721 1642 3793 apta
1665 3721 1721 3788 est,
1746 3715 1883 3775 iteratum

154 3813 218 3873 iam
242 3827 339 3893 paene
365 3809 535 3871 absurdum.
587 3807 688 3889 ltaque
721 3810 799 3872 illam
825 3818 909 3872 recte
935 3813 1051 3873 eruisse
1077 3809 1219 3871 llarullus
1244 3817 1292 3871 est
1316 3811 1470 3873 dicendus.
1522 3810 1587 3873 Obl.
1615 3813 1688 3878 Am.
1724 3811 1798 3874 Viot.
1826 3813 1885 3889 An,

155 3909 249 3983 Ouad.
280 3910 354 3970 Vim.

325 4007 439 4068 Versus
464 4005 502 4066 lV
527 4005 670 4067 aso-3
699 4027 766 4069 cum
793 4011 821 4070 in
847 4009 930 4070 libris
956 4008 1015 4072 boc
1040 4009 1129 4069 mode
1156 4014 1290 4069 exstent:

1041 4109 1172 4187 ideoque
1197 4117 1424 4170 necessest
1449 4106 1520 4168 490

547 4215 577 4267 et
603 4207 686 4285 quod
708 4206 800 4269 molle
819 4209 868 4267 sit
892 4216 923 4268 et
945 4205 1080 4286 pelidum
1104 4207 1269 4285 fervensve
1295 4205 1435 4269 uideri

548 4314 578 4366 et
602 4324 742 4367 seorsum
768 4308 877 4367 corios
901 4323 1007 4367 rerum
1031 4308 1148 4366 sentire
1174 4307 1298 4366 colores

546 4412 577 4464 et
601 4423 811 4485 quoecumque
836 4405 989 4467 coloribu'
1014 4406 1080 4464 sint
1103 4405 1273 4465 coniuncto
1297 4413 1530 4481 necessest,

324 4502 442 4565 Lachm.
475 4504 504 4564 iu
531 4522 556 4562 v.
585 4496 651 4562 491
688 4520 743 4582 pro
777 4505 879 4565 uideri
911 4504 1063 4566 substituit
1095 4522 1252 4579 seorsum,
1288 4503 1319 4563 in
1352 4522 1379 4565 v.
1407 4501 1477 4564 493
1503 4503 1610 4564 cidere
1637 4522 1691 4583 pro
1717 4513 1882 4566 necessest.

152 4599 224 4666 blihi
257 4603 300 4666 uti
331 4602 430 4665 lenius
462 4603 503 4663 ita
536 4603 636 4662 verius
669 4603 699 4663 in
734 4621 761 4662 ι.
789 4601 859 4663 490
894 4621 1021 4664 seorsus
1053 4619 1109 4683 pro
1135 4610 1290 4664 necessest
1315 4609 1345 4663 et
1370 4604 1399 4664 iu
1425 4623 1452 4664 v.
1475 4599 1542 4663 491
1573 4602 1694 4664 cidere
1721 4602 1882 4685 legendum

153 4703 279 4765 videtur.
329 4699 402 4762 Nam
436 4701 552 4762 duobus
584 4700 732 4761 sentiendi
768 4701 867 4761 verbis
898 4720 970 4762 risus
996 4702 1152 4764 Lucretius
1186 4719 1245 4762 uon
1271 4702 1367 4780 potuit
1393 4703 1518 4764 alterum
1546 4701 1631 4762 alteri
1659 4701 1793 4764 rrreuabrc
1818 4720 1880 4763 uon

153 4802 296 4876 tribuere,
311 4803 450 4882 quoniam
464 4799 550 4861 aliter
565 4800 723 4862 acerborum
736 4802 885 4880 oppositio
898 4802 937 4872 iil,
952 4820 1028 4880 quae
1042 4804 1071 4862 iu
1085 4819 1118 4861 re
1132 4802 1250 4861 minime
1262 4802 1347 4860 inest.
1383 4800 1489 4863 Videre
1502 4801 1540 4861 de
1553 4800 1654 4862 auditu
1666 4801 1776 4863 dictum
1788 4801 1883 4863 habes

153 4906 185 4962 et
208 4919 236 4961 v.
252 4899 318 4961 577
348 4906 378 4960 et
404 4897 484 4976 598,
511 4899 561 4960 ubi
585 4907 669 4961 recle
695 4898 875 4978 Rcrnaysius
902 4898 988 4962 lecit:
1014 4899 1213 4979 conloquium
1238 4900 1358 4960 clausis
1381 4900 1505 4980 foribus
1529 4919 1606 4978 quo
1630 4918 1724 4981 saepe
1740 4901 1880 4962 uidemus

153 5006 231 5081 (quo
256 5001 274 5060 i.
300 5019 327 5061 e.
352 5017 459 5079 quare,
486 5004 518 5058 ut
543 4999 720 5078 saepissime
743 4999 800 5059 boc
827 5006 913 5059 sonat
938 4999 997 5059 ltus
1023 5004 1087 5076 re),
1113 5000 1170 5060 nisi
1195 4998 1273 5060 iorte
1299 5001 1408 5077 quod
1431 4997 1662 5079 praeferendum
1688 5006 1736 5061 est
1759 5019 1815 5081 pro
1830 5016 1881 5061 >eo

151 5099 232 5181 quod
259 5105 325 5160 arat
350 5096 465 5170 OVOO.

317 5197 431 5258 Versus
456 5194 494 5255 iv
521 5193 593 5256 7110
619 5196 790 5277 deperditas
816 5196 930 5257 litteras
955 5202 1124 5275 postremas
1151 5215 1217 5257 cum
1244 5195 1402 5257 Lambinus
1431 5197 1469 5257 ita
1494 5194 1673 5259 reduxerit:

617 5295 706 5378 nullu
730 5295 794 5373 fuit
817 5294 963 5375 quonium
990 5295 1065 5355 tuiis
1089 5303 1206 5355 notura
1231 5295 1369 5370 ouimu[l
1378 5296 1414 5356 is

150 5414 210 5476 qua
240 5396 272 5456 in
296 5413 330 5456 re
355 5411 461 5456 omnes
487 5413 554 5456 eum
580 5395 677 5456 secuti
702 5401 786 5471 sunt,
822 5395 872 5456 vix
897 5392 1000 5455 dubito
1026 5392 1184 5474 equidem,
1219 5395 1290 5474 quin
1315 5392 1471 5459 Lucretius
1497 5396 1654 5475 scripserit
1677 5394 1883 5456 animantis
