4326 5986
403 1171 832 1326 Quaestioncs
876 1170 1311 1296 Lucretianac
1354 1171 1636 1295 criticae.

922 1457 1116 1483 -eoow

906 1667 1068 1756 capua
1089 1669 1132 1737 Ι.

716 1820 766 1915 hc
788 1775 932 1916 lanati
956 1823 1077 1918 codice
1101 1821 1328 1917 Victoriana.

1283 2035 1337 2087 Nan
1363 2035 1463 2087 obstant
1488 2034 1536 2086 hae
1560 2050 1600 2086 rea
1624 2049 1668 2102 per
1692 2033 1747 2086 illua

1234 2118 1351 2188 euntibus
1369 2120 1414 2170 aad
1429 2120 1498 2170 circa
1510 2118 1565 2170 illas
1578 2117 1747 2170 haerentibus.

1228 2203 1329 2266 quiunt.
1347 2203 1366 2265 l,
1383 2200 1407 2266 7,
1424 2199 1466 2254 35.

311 2391 406 2515 Unius
422 2445 523 2526 stirpis
542 2444 679 2508 codicum
691 2443 935 2508 Lucretiancrum
948 2445 1166 2508 Lachmann
1177 2440 1236 2522 us,
1252 2444 1290 2527 de
1308 2443 1427 2507 Lucreti
1443 2443 1589 2519 diprthasi
1605 2443 1696 2527 longe
1716 2422 1889 2528 mettensi-J

84 2556 86 2560 “
145 2564 229 2623 mus,
264 2564 323 2627 quo
362 2543 532 2605 excellebat
563 2544 676 2627 ingenii
709 2546 866 2623 acumine,
902 2546 957 2607 tria
989 2563 1102 2627 genera
1136 2545 1346 2628 distinguenda
1381 2562 1451 2605 esse
1477 2543 1587 2605 docuit.
1640 2541 1728 2606 Primi
1755 2544 1886 2627 generis.

36 2697 42 2704 .
145 2645 299 2727 exemplar
322 2650 421 2705 exstat
446 2661 546 2719 unum,
573 2661 612 2704 ex
637 2644 702 2724 ipso
730 2643 781 2705 illo
805 2643 882 2706 lihro
909 2646 1039 2707 omnium
1065 2645 1228 2726 archetypo
1253 2642 1376 2705 saeculo
1399 2661 1480 2705 nono
1502 2642 1694 2724 descriptum,
1721 2643 1879 2709 leidensia

62 2811 65 2816 ,
145 2744 242 2806 codex
267 2743 432 2822 Ohlcnpas.
482 2739 567 2803 liunc
591 2740 619 2802 A
645 2749 714 2803 nota
741 2741 818 2804 inira
843 2745 957 2826 signari
983 2741 1073 2805 volui.
1127 2743 1260 2805 Alterum
1285 2760 1383 2826 genus
1409 2750 1456 2805 est
1481 2740 1669 2821 ltaliccrurn,
1696 2745 1757 2823 qui,
1784 2751 1878 2825 quot-

109 2865 110 2868 *
144 2849 217 2926 quot
241 2816 319 2920 sunl,
346 2859 386 2903 ex
412 2858 472 2907 uno
497 2858 535 2904 ea
553 2839 669 2919 codice,
694 2840 827 2925 oblongo
846 2841 1005 2919 simillimo,
1032 2842 1228 2904 descendisse
1250 2841 1397 2918 videntur,
1424 2860 1512 2922 quem
1530 2839 1661 2924 Poggius
1682 2861 1700 2905 e
1720 2842 1879 2905 Germania

143 2943 272 3004 advexit.
313 2940 403 3003 Cuius
428 2941 553 3022 generis
578 2958 644 3001 cum
671 2940 782 3003 nullum
807 2940 864 3002 sihi
891 2941 1046 3022 exemplar
1072 2944 1252 3003 innotuisset
1277 2941 1312 3001 ah
1336 2939 1475 3004 italarum
1501 2940 1651 3002 hominum
1666 2942 1878 3023 interpolatio<

143 3040 230 3103 nibus
256 3040 393 3115 liherum,
421 3037 519 3117 qualia
544 3037 618 3099 olim
643 3041 863 3118 impressorum
888 3039 1054 3101 editoribus
1081 3049 1202 3120 praesto
1229 3039 1324 3101 luisse
1349 3046 1475 3114 constat,
1502 3037 1708 3100 Lachmannus
1733 3044 1763 3101 in
1790 3059 1878 3102 com-

143 3141 295 3202 mentariis
328 3139 475 3200 rationem
506 3136 617 3198 habere
653 3154 711 3198 nec
744 3136 838 3199 voluit
873 3156 930 3199 nec
966 3124 1070 3219 potnit.
1121 3136 1213 3200 Tertii
1240 3137 1370 3218 deniqne
1395 3137 1519 3220 generis
1545 3136 1605 3198 duc
1632 3139 1771 3221 exempla
1797 3138 1878 3200 idern

142 3237 365 3302 demonstrasse
390 3237 447 3298 sihi
468 3236 605 3315 videtur,
641 3243 799 3316 utrumque
826 3235 949 3298 sacculo
977 3236 1096 3299 decimo
1122 3235 1249 3313 iactum,
1284 3244 1422 3298 neutrum
1450 3238 1490 3298 ita
1515 3241 1546 3297 ut
1571 3238 1666 3317 ipsum
1691 3235 1890 3319 archetypon'

142 3337 269 3402 librariis
295 3344 364 3398 ante
387 3335 492 3398 oculos
519 3333 612 3396 luisse
637 3332 795 3416 appareat,
832 3333 959 3398 alterum
985 3335 1164 3399 Leidensem
1191 3336 1297 3398 librum
1324 3334 1519 3411 Quadratum
1545 3342 1651 3417 (quem
1674 3337 1694 3398 h
1720 3337 1875 3420 signabo),

140 3435 265 3499 alterum
291 3455 351 3498 non
376 3437 536 3518 integrum,
563 3436 648 3496 cuius
671 3431 734 3495 Vlll
759 3434 891 3496 schedae
915 3432 1060 3511 dauniae,
1087 3435 1114 3496 X
1139 3434 1336 3497 vindobonae
1363 3437 1479 3496 servari
1501 3435 1583 3497 dixit

308 3535 408 3616 Atque
434 3534 490 3595 hac
514 3533 634 3613 quidem
659 3533 690 3594 in
715 3552 749 3594 rc
775 3552 843 3596 cum
869 3550 1000 3611 errasse,
1026 3553 1084 3596 ncc
1109 3534 1169 3597 duo
1196 3534 1250 3596 sed
1276 3536 1331 3596 tria
1355 3533 1492 3616 exempla
1515 3533 1564 3596 vel
1586 3553 1676 3597 unum
1700 3541 1731 3596 et
1751 3535 1878 3599 duarum

140 3632 307 3717 fragmenta
332 3639 452 3695 exstare
478 3631 636 3694 dicendum
663 3630 776 3710 luisse,
811 3634 940 3714 exposui
966 3652 1063 3716 nuper
1087 3635 1117 3695 in
1143 3632 1247 3696 hlusco
1275 3651 1353 3695 novo
1379 3632 1533 3709 Rhenano,
1553 3635 1584 3709 ¹)
1611 3633 1661 3698 uhi
1686 3652 1722 3697 ca
1749 3626 1877 3712 ratione,

140 3750 197 3814 qua
222 3735 335 3795 certior
359 3740 390 3794 et
412 3731 580 3794 evidentior
604 3729 683 3794 nulla
707 3738 763 3810 est,
788 3731 921 3794 schedae
941 3731 1194 3795 Vindohcoaoses
1217 3734 1304 3794 unius
1331 3731 1528 3813 eiusdemque
1554 3733 1669 3796 codicis
1694 3750 1755 3796 nan
1780 3731 1877 3812 luisse

139 3833 225 3894 evici.
275 3830 381 3912 Neque
412 3849 485 3892 vero
521 3830 700 3905 tuirandum,
739 3829 919 3893 Lachmanni
957 3850 1083 3894 acumen
1119 3832 1148 3893 id
1176 3831 1301 3914 lugissc.
1352 3829 1469 3893 Etenim
1495 3830 1545 3894 ille
1571 3850 1629 3894 nec
1656 3833 1720 3913 ipse
1747 3831 1876 3894 schedas

139 3933 275 3993 tractavit
307 3937 338 3992 ct
369 3948 472 4012 parurn
506 3929 632 3990 idoneos
668 3965 707 3973 —
746 3935 778 3991 ut
813 3930 878 4010 ipsc
914 3930 986 3992 dicit
1016 3967 1056 3975 —
1085 3937 1226 3992 auctores
1262 3932 1405 4013 sequitur.
1465 3929 1604 3993 Ceterum
1639 3939 1722 3993 recte
1758 3930 1877 3993 videtur

138 4033 294 4108 statuisse,
330 4047 397 4090 curn
432 4028 541 4090 nullam
564 4029 727 4108 propriam
754 4028 933 4091 schedarum
962 4048 1032 4108 esse
1059 4033 1287 4107 auctoritatem,
1322 4038 1382 4093 tum
1409 4047 1512 4091 earum
1538 4029 1677 4093 librarios
1703 4032 1877 4111 (utriusque

139 4135 236 4192 autem
273 4130 385 4191 codicis
411 4125 538 4188 Vindoh.
563 4127 665 4208 plures
698 4133 783 4204 sunt)
809 4144 923 4190 summa
951 4130 1136 4213 negligentia
1162 4137 1211 4207 et,
1244 4130 1324 4211 quad
1351 4128 1421 4191 mihi
1446 4128 1582 4210 videtur,
1617 4130 1700 4192 latini
1725 4130 1876 4192 sermonis

139 4229 307 4311 ignorantia
337 4227 522 4309 peccavisse.
570 4224 634 4288 Nisi
667 4224 746 4288 lorte
777 4232 939 4309 propterca
975 4228 1072 4290 lenius
1109 4228 1299 4293 iudicandum
1325 4229 1399 4305 crit,
1431 4227 1511 4308 quod
1537 4227 1666 4293 librariis
1693 4247 1753 4290 ncn
1778 4231 1874 4310 ipsum

138 4327 322 4408 archetypon
347 4327 401 4388 scd
428 4324 548 4404 aliquod
575 4327 640 4387 eius
668 4325 823 4408 exemplar
849 4327 907 4388 iarn
941 4332 972 4388 ct
998 4328 1093 4408 ipsum
1121 4329 1261 4390 vitiosum
1288 4335 1319 4391 et
1344 4327 1489 4402 cursivis,
1522 4347 1597 4409 quas
1623 4328 1741 4406 dicunt,
1769 4327 1875 4390 litteris

137 4432 290 4488 exaratum
322 4432 391 4487 ante
425 4425 530 4486 oculos
567 4423 660 4486 luisse
695 4425 884 4488 manifestum
921 4433 976 4486 est.
1031 4425 1150 4488 Priores
1180 4434 1278 4489 tamen
1304 4445 1360 4488 sex
1385 4425 1516 4488 schedae
1540 4427 1640 4509 paullo
1669 4429 1782 4489 maiore
1808 4446 1875 4489 cum

136 4543 208 4586 cura
233 4544 268 4586 ac
293 4524 448 4609 diligentia
473 4526 603 4605 scriptae
629 4532 706 4586 sunt.

305 4623 501 4685 Nihilominus
541 4622 719 4685 schedarum
761 4628 936 4702 (utrumque
980 4622 1116 4685 codicem
1153 4641 1170 4684 c
1202 4623 1314 4699 dicam)
1355 4626 1574 4700 testimonium,
1620 4642 1679 4704 quc
1714 4623 1874 4706 aliquando

135 4720 276 4795 Quadrati
302 4724 508 4785 auctoritatem
534 4723 666 4784 imminui
693 4722 756 4802 ipse
781 4720 901 4784 Lachm.
924 4720 999 4783 dicit
1021 4741 1050 4804 p.
1078 4721 1110 4800 9,
1137 4721 1352 4806 negligendum
1378 4742 1439 4786 non
1465 4727 1531 4785 erit.
1823 4722 1826 4731 “

294 4820 354 4884 Sed
380 4820 471 4883 multo
498 4823 619 4884 maioris
646 4820 787 4884 momenti
814 4819 879 4883 lore
907 4820 945 4882 ad
974 4823 1108 4885 criticam
1135 4821 1255 4886 Lucreti
1282 4821 1482 4899 frenandam,
1509 4840 1566 4904 qua
1588 4823 1618 4883 in
1640 4839 1673 4884 rc
1696 4823 1785 4883 etiam
1806 4829 1875 4902 post

133 4919 312 4986 hachmanui
347 4938 435 4985 curas
467 4939 528 4985 non
561 4939 655 5002 pauca
679 4928 795 4982 restare
821 4919 935 4982 rectius
964 4921 1174 4984 constituenda
1202 4924 1291 5002 periti
1318 4928 1519 4998 consentiunt,
1545 4922 1572 4984 si
1596 4921 1723 4985 wcunch
1749 4923 1872 5005 generis

134 5019 288 5101 exemplar
313 5019 435 5101 aliquod
458 5021 626 5102 reperiatur
652 5019 797 5102 Poggiani
811 5018 890 5079 lihri
919 5017 1033 5081 iontem
1059 5037 1166 5100 purum
1194 5027 1285 5102 atque
1309 5024 1458 5103 integrum
1484 5037 1629 5096 servans,
1665 5021 1873 5101 unusquisque

121 5118 222 5182 'facile
260 5120 417 5202 intelliget.
475 5117 629 5182 Eiusmodi
669 5121 760 5202 igitur
793 5118 900 5180 lihrum
936 5120 966 5179 in
998 5118 1180 5181 hihliotheca
1218 5123 1303 5203 regia
1342 5119 1516 5183 llonacensi
1552 5122 1654 5182 inesse
1690 5119 1875 5181 leonardus

168 5354 196 5418 ι)
212 5351 276 5404 Vide
293 5350 348 5405 tot.
365 5316 418 5404 lllh
437 5352 499 5405 iare.
516 5348 541 5404 3.
